2354 3946
121 120 180 185 116
345 117 501 173 VIRGILII
518 117 685 172 MARONIS
703 117 909 175 EPISTOLAE.

118 271 310 355 imperatiuo
345 271 440 336 modo
473 274 619 355 tempore
651 269 759 334 futuro
792 273 858 354 est,
893 270 984 335 euius
1016 271 1141 355 syllaba

119 357 209 440 prior
231 357 301 420 acui
324 355 428 420 debet.
466 355 494 419 si
516 376 593 419 uero
616 354 801 419 aduerbium
817 354 916 419 fuerit
930 360 1009 437 esto,
1032 357 1137 439 prima

120 441 243 525 syllaba
262 445 408 524 correpta
426 440 584 523 posterior
602 440 783 503 necessario
799 443 941 503 acuetur.
966 445 1139 505 astantem

119 547 231 590 sensus
253 526 345 589 huius
369 525 513 589 aduerbii
535 529 596 589 esto
618 524 679 588 hoc
703 528 751 588 est
771 529 849 588 recte
866 524 1043 588 secundum
1059 525 1138 589 illud

92 610 324 692 sGalbungi
356 615 418 675 esto
451 609 559 693 inquit
590 610 721 690 uiuunt,
756 610 834 689 qaia
861 609 974 674 mnndi
999 609 1138 688 sinnida

120 696 336 761 tunoriontnu
369 697 602 776 contempnunt,
637 692 699 756 boc
732 695 781 756 est
813 697 893 757 recte
919 694 1046 758 ninnnt.
1092 700 1140 758 est

120 780 218 844 etiam
232 784 308 857 esto,
356 778 420 843 uod
440 800 498 861 pro
517 777 655 858 forsitan
678 777 781 860 accipi
802 777 897 841 solet:
915 797 979 859 pro
1002 779 1140 843 aetherto

119 866 251 931 inuenta
265 868 325 928 esto
395 865 485 928 nuni
498 864 623 927 uincere
631 867 755 944 postero
770 862 901 926 nonunt
915 866 1061 946 nupero,
1078 862 1140 927 hoc

120 953 169 1013 est
190 957 251 1015 esto
272 970 330 1030 pro
350 948 488 1029 forsitan
509 948 625 1030 posuit.
657 966 719 1010 sno
732 966 794 1010 sno
808 966 868 1011 sno
882 967 1002 1010 nomen
1019 952 1052 1010 at
1067 968 1140 1030 pro·

80 1057 105 1095 10
119 1054 236 1097 nomen
261 1037 293 1095 et
314 1031 456 1095 uerbum.
496 1051 616 1094 nomen
637 1050 699 1096 sna
722 1034 771 1095 est
792 1030 984 1103 femininum
1005 1029 1069 1096 hoo
1091 1038 1140 1096 est

118 1119 242 1200 domun,
265 1117 376 1199 inqua
392 1114 553 1178 scolastici
569 1114 631 1178 uiri
646 1137 704 1178 sua
720 1119 794 1199 apte
810 1135 846 1179 ac
861 1115 1006 1178 suauiter'
1019 1116 1139 1199 scripta

118 1202 170 1264 uel
200 1202 284 1264 dicta
316 1203 510 1282 conponunt.
555 1201 604 1262 est
638 1200 737 1262 etiam
766 1199 899 1263 uerbum
926 1218 987 1264 sno
1016 1202 1140 1282 primae

119 1284 356 1371 coniugationis
384 1284 541 1365 uotiuum,
570 1282 632 1347 hoe
662 1287 710 1347 est
737 1285 835 1349 suade
861 1282 1038 1348 secundum
1060 1283 1140 1348 illud

119 1369 328 1435 Ciceronis
355 1373 444 1434 anuto
469 1367 575 1451 inquit
595 1369 662 1432 nint
681 1367 814 1451 fratrea,
835 1372 871 1434 nt
886 1370 966 1449 poci
986 1370 1052 1433 sint
1071 1368 1139 1433 Ro·

80 1474 105 1515 15
119 1475 242 1521 titanae.
273 1455 325 1517 hic
341 1451 482 1518 Cicero
505 1453 808 1517 inuentuosissirnus
823 1456 873 1516 est
888 1456 924 1516 in
946 1453 1037 1516 omni
1059 1457 1138 1533 arte,

119 1544 156 1603 ut
189 1541 224 1604 in
259 1538 464 1623 prouerbium
496 1538 623 1601 ueniret
655 1543 733 1619 aput
769 1558 879 1600 omnes
913 1535 1140 1621 philosophiae

119 1629 282 1690 auctores:
311 1644 376 1688 non
403 1624 475 1705 teuit
497 1623 552 1703 qni
574 1642 637 1686 non
660 1621 732 1704 teuit
755 1622 940 1686 Ciceronem.
977 1641 1039 1687 sno
1062 1644 1139 1706 ergo

119 1709 320 1792 pronominis
342 1707 540 1773 circumflexe
562 1711 694 1789 utraque
709 1705 814 1769 nocali
829 1706 1003 1788 producta:
1027 1712 1062 1770 at
1082 1728 1141 1771 no·

119 1794 216 1859 minis
244 1815 302 1860 sno
330 1793 437 1858 breuis
465 1796 600 1875 utraque
627 1789 730 1855 uocali
758 1790 830 1869 fiat,
859 1791 905 1853 ita
933 1793 970 1853 ut
990 1792 1097 1855 media
1117 1813 1141 1856 n

80 1898 106 1938 ao
120 1900 177 1961 per
193 1881 327 1944 duarum
343 1878 504 1943 uocalium
519 1874 730 1960 synalypham
746 1895 810 1938 non
825 1873 918 1938 modo
936 1875 1140 1958 corripiatur,

119 1984 232 2027 uerum
255 1965 351 2027 etiam
373 1984 455 2046 pene
478 1964 692 2044 extinguatur.
730 1959 775 2024 sie
798 1959 836 2023 de
857 1979 914 2024 sno
936 1959 1141 2024 sentiendum

121 2052 178 2110 est.
216 2048 270 2110 sed
293 2049 367 2130 quia
389 2068 460 2109 eum
482 2047 521 2108 de
536 2045 685 2128 genetiuo
701 2064 791 2108 cassu
808 2044 912 2108 dicere
929 2045 1139 2127 coeperimus,

119 2130 184 2193 alio
208 2152 302 2194 eursu
326 2134 357 2193 et
380 2129 471 2212 quasi
493 2130 527 2191 in
547 2128 645 2191 aliam
659 2129 826 2212 regionem
840 2133 950 2192 noster
964 2127 1020 2193 hic
1035 2150 1139 2193 sermo

119 2215 263 2293 deuenit,
287 2218 324 2277 ut
346 2219 402 2276 aut
422 2212 583 2276 sententia
597 2213 791 2276 sententiam
806 2211 951 2296 inpedire
967 2213 1138 2292 uideretur,

80 2297 236 2362 etidcirco
253 2300 291 2361 de
307 2297 457 2382 genetiuo
472 2317 562 2360 cassu
577 2318 659 2379 pene
674 2298 752 2360 satis
768 2298 811 2362 sit
825 2297 963 2379 dictum,
984 2318 1026 2362 ne
1041 2299 1140 2383 longa

121 2381 217 2447 dictio
240 2383 365 2445 modum
391 2381 564 2445 uoluminis
587 2381 721 2445 excidat.

205 2465 324 2531 Uerum
349 2465 387 2529 de
410 2466 561 2550 genetiuo
582 2465 700 2548 plurali
721 2487 823 2548 pauca
845 2465 998 2531 dicamus.
1035 2467 1140 2531 omnis

120 2572 228 2614 cassus
258 2551 428 2634 genetiuus
456 2552 490 2614 in
519 2553 587 2615 inm
615 2551 805 2614 terminatus
835 2550 993 2634 syllabam
1021 2551 1139 2616 multas

120 2751 292 2820 (necessaria
309 2751 348 2820 B)
367 2783 399 2830 χ-
419 2754 506 2806 etiam
525 2782 556 2829 7-
574 2751 674 2818 inquid
691 2754 783 2818 quant
802 2753 839 2872 pm
857 2753 909 2805 unt
925 2751 965 2831 B)
984 2753 1141 2830 etreliqua

119 2818 173 2872 hoc
195 2823 238 2872 est
260 2820 336 2873 recte
359 2821 459 2873 vivunt
478 2820 589 2887 (qurunt
607 2820 644 2886 L)
664 2820 756 2873 est-
775 2819 975 2874 seetetheno
995 2823 1005 2887 (
1033 2820 1140 2874 etheno

120 2886 157 2952 L)
176 2887 220 2941 cui
243 2888 324 2941 tanta
347 2888 406 2942 esto
426 2886 545 2940 Romani
562 2886 673 2940 vincere
691 2889 803 2954 postero
821 2886 938 2942 valeant
957 2889 985 2956 (v
1017 2890 1086 2942 eunt
1103 2888 1139 2955 L)

120 2956 249 3024 tempore
267 2955 320 3009 hoo
338 2955 381 3010 est
399 2956 459 3009 esto
477 2971 529 3023 pro
547 2954 664 3008 forsitan
681 2955 783 3022 posuit.

188 3146 203 3193 3
222 3142 395 3218 necessarior
411 3140 446 3195 N
460 3154 528 3194 corr.
546 3139 611 3192 Mai
623 3140 632 3207 11
646 3145 661 3218 t
679 3139 799 3194 flaccida
815 3140 858 3206 N,
881 3139 1030 3218 flaccidum
1047 3140 1113 3194 Mat
1125 3140 1138 3210 11

121 3211 136 3258 6
155 3206 292 3261 luxoriam
310 3210 358 3262 ina
374 3208 418 3274 N,
442 3209 484 3261 ita
499 3221 568 3262 corr.
587 3207 651 3260 Moe
668 3209 678 3275 11
692 3207 735 3261 uf.
757 3208 869 3262 ethenro
892 3208 938 3261 luc
961 3210 1022 3262 esto
1040 3207 1083 3272 N,
1108 3224 1140 3263 ea

120 3276 285 3328 testimoniis
308 3276 395 3330 nonna
418 3276 527 3330 restitut
542 3275 554 3344 11
571 3280 586 3327 9
603 3274 677 3328 inter
699 3291 750 3328 sna
772 3291 822 3328 sua
844 3275 873 3326 et
895 3291 946 3328 sua
966 3275 1035 3343 qnid
1057 3276 1140 3330 distet

120 3340 266 3476 aruit
274 3341 630 3479 ettrrultytrtt
641 3344 703 3475 loli
724 3342 825 3461 ttabl⁰
842 3339 877 3392 a
890 3341 900 3406 '¹
919 3347 950 3395 ¹⁸
969 3341 1141 3398 tauma
