2354 3946
523 172 718 227 APPENDIX.

227 460 286 526 ur.
319 458 631 524 raicunuruu
654 415 1012 524 unmoulunusu.

185 637 238 678 1110
263 635 428 678 SECUNTUR
449 635 668 698 nrffluonounq
690 633 851 676 vlafflnms
874 634 1061 676 PRESBY'PER

536 719 700 761 HISPANUS.

195 831 330 898 Caelum
372 832 488 896 dicitur
525 831 600 914 quia
634 831 790 914 quaedam
823 830 960 913 grandia
993 830 1135 894 archana

113 917 226 983 caelat.
264 915 533 1000 philosophorum
555 915 741 998 peritissimi
756 919 875 978 uocant
892 914 995 978 altum
1011 916 1135 980 caelum

112 1006 149 1066 ut
170 1001 318 1065 diximus.
353 1002 409 1064 sed
424 999 626 1064 altitudinem
642 1005 674 1063 et
689 999 944 1083 profunditatem
959 1020 1136 1083 numquam

113 1085 307 1168 significant.
350 1083 487 1167 denique
515 1105 604 1148 mare
632 1085 700 1148 siue
731 1082 884 1166 quicquid
905 1082 993 1146 infra
1014 1090 1136 1148 terram

86 1175 161 1234 sest
188 1169 330 1251 positum
358 1169 459 1232 altum
486 1169 679 1232 nominatur.
718 1169 801 1234 sicut
823 1188 920 1232 senex
948 1168 1059 1232 donon
1087 1169 1134 1232 in·

111 1274 223 1317 menso
257 1253 366 1317 dolore
399 1256 567 1334 superatus
601 1253 746 1335 corporei
781 1252 856 1316 mali
888 1256 1018 1316 noctem
1044 1252 1135 1317 uelut

112 1337 301 1420 longissima
328 1336 495 1400 fastidium
517 1337 690 1401 sustinens.
729 1358 767 1401 ac
790 1336 885 1400 solito
908 1336 1134 1433 languentium

111 1443 202 1486 more
236 1421 321 1485 diem
354 1421 482 1485 euenire
517 1420 719 1503 desiderans,
757 1431 917 1504 tamquam
952 1443 980 1484 s1
1014 1421 1134 1505 aliquid

112 1506 233 1589 requiei
256 1506 382 1589 corpori
403 1506 489 1569 foret
517 1505 685 1586 allaturus,
715 1505 774 1569 tali
800 1504 1012 1588 praecabatur
1038 1505 1133 1569 modo

76 1612 100 1653 ιο
113 1592 257 1655 ‘obsecro
286 1611 345 1654 uos
374 1613 392 1654 o
421 1590 479 1654 alti
507 1591 698 1674 quicumque
726 1589 819 1670 estis,
850 1589 989 1654 emittite
1017 1591 1058 1654 ad
1085 1611 1136 1654 me

114 1675 215 1741 solem
242 1676 330 1739 intra
357 1674 481 1756 lucere,
512 1675 595 1739 diem
626 1675 776 1758 protinus
804 1673 1001 1738 allaturum’.
1038 1680 1134 1753 terra,

114 1782 151 1825 eo
186 1763 270 1844 quod
297 1761 433 1844 pedibus
465 1760 596 1836 teritur,
635 1759 690 1823 sed
721 1759 814 1823 aliter
843 1763 1027 1841 separatur,
1062 1760 1136 1843 quia

114 1867 151 1910 ra
177 1845 336 1929 portatrix
362 1848 398 1909 ut
426 1845 568 1928 genitrix
596 1844 630 1908 in
652 1844 754 1908 latino
776 1841 1006 1926 philosophica
1050 1845 1135 1908 unde

114 1952 214 1994 naues
236 1952 316 2014 quae
331 1934 464 2013 portant
479 1951 566 1994 rares
582 1929 741 1996 dicuntur.
774 1936 825 1992 ter
840 1928 940 2010 igitur
955 1949 992 1992 ra
1007 1927 1135 2024 dicitur.

77 2035 219 2163 ¹⁵3th
244 2036 389 2162 §.tat
408 2014 772 2181 {ttttttittlt
788 2012 1138 2182 taltffttttt.

114 2184 150 2245 in
172 2203 243 2245 eam
265 2183 351 2245 laeto
375 2183 472 2246 soluti
492 2183 581 2244 uelut
595 2182 630 2244 in
649 2183 763 2245 matris
778 2180 909 2245 uuluam
924 2182 1135 2247 recondimur.

115 2286 203 2330 mare
225 2265 265 2328 ab
288 2266 502 2329 amaritudine
525 2266 655 2338 dicitur,
685 2267 725 2330 ab
748 2265 876 2329 hebreis
899 2287 1054 2348 aquarum
1075 2267 1137 2332 col-

116 2349 230 2413 lectus.
251 2371 270 2412 a
291 2349 493 2432 philosophis
516 2371 556 2413 ex
579 2349 700 2414 duobus
723 2351 929 2433 componitur
944 2352 1036 2415 uolut
1050 2372 1137 2436 mag·

77 2455 233 2498 sonares.
268 2434 350 2497 nulli
365 2433 547 2498 mortalium
569 2439 656 2498 nota.
694 2434 789 2498 stella
811 2434 1014 2503 destillando.
1051 2441 1137 2500 astra

117 2518 156 2582 de
189 2518 365 2583 uariaetate
393 2519 518 2601 picture
547 2524 632 2583 aster
666 2519 784 2602 quippe
815 2519 899 2602 apud
926 2519 1137 2604 philosophos

115 2603 221 2686 pictor
244 2602 369 2667 dicitur.
403 2603 484 2667 situs
505 2604 543 2668 de
565 2605 629 2667 situ
651 2603 775 2667 altiore.
815 2603 944 2668 uolucer
972 2627 992 2669 a
1020 2604 1137 2669 ueloci-

115 2689 193 2751 tate.
231 2687 300 2751 auis
330 2688 370 2751 ab
400 2688 481 2751 auiis
509 2687 570 2752 hoc
603 2695 652 2752 est
685 2687 818 2752 desertis
845 2687 935 2757 loois.
969 2689 1072 2754 bestia
1098 2688 1137 2752 de

117 2771 209 2854 besu,
246 2771 309 2836 hoc
339 2777 388 2836 est
422 2771 601 2837 ferocitate.
643 2772 739 2837 belua
766 2772 891 2837 marina
918 2772 1045 2838 dicitur.
1086 2773 1139 2850 bel

79 2881 104 2922 aa
119 2857 205 2921 enim
240 2878 327 2920 mare
358 2879 377 2920 a
409 2856 612 2940 philosophis
647 2862 790 2922 uocatur.
841 2878 915 2923 caro
952 2879 971 2922 a
1006 2858 1138 2924 caritate

119 2941 334 3026 cogitationis.
376 2963 491 3024 corpus
522 2943 832 3026 acorruptibilitate
854 2946 988 3007 naturae
1010 2944 1138 3008 dicitur.

119 3027 174 3091 sed
197 3025 258 3091 hoc
281 3026 320 3090 de
342 3027 483 3091 nomine.
518 3032 678 3092 caeterum
696 3028 724 3092 si
740 3049 834 3092 omne
850 3028 934 3112 quod
949 3027 1034 3092 uisui
1050 3032 1139 3112 patet

120 3133 233 3195 corpus
262 3113 394 3191 dicitur,
422 3111 648 3195 requirendum
671 3116 734 3192 est,
762 3113 847 3179 unde
869 3113 1049 3198 appellatur
1067 3134 1137 3195 pus.

119 3218 180 3278 pus
202 3197 238 3259 in
260 3197 422 3262 latinitate
444 3197 670 3282 philosophica
693 3200 846 3264 custodia.
880 3199 963 3262 sicut
976 3198 1137 3283 origenius

81 3303 107 3343 so
121 3280 200 3344 dicit
222 3282 347 3362 ‘positis
370 3283 405 3346 in
421 3304 501 3366 pure
522 3282 677 3347 fratribus
692 3286 778 3348 solus
794 3281 918 3346 euasit'.
957 3285 1018 3348 hoc
1040 3286 1091 3346 cst
1104 3281 1139 3346 in

121 3384 256 3429 carcere.
296 3387 416 3451 corpus
440 3387 517 3449 ergo
546 3389 565 3429 a
588 3387 707 3432 corona
728 3364 962 3446 circumdandi,
989 3378 1022 3432 ct
1044 3389 1064 3431 a
1086 3388 1138 3431 cu·

120 3449 223 3511 stodia
250 3450 412 3514 retinendi
436 3451 561 3515 dicitur.
605 3459 700 3536 caput
728 3473 747 3513 a
776 3446 951 3530 capacitate
980 3451 1139 3516 sumendi.
