2354 3946
121 174 185 240 102
399 174 459 230 Vll.
487 173 612 230 PASSIO
632 175 659 230 S.
679 173 850 231 ARNULPI.

121 337 208 404 Haec
231 339 280 404 ita
301 338 500 423 pulchrifiois
523 337 687 402 retinebat
711 337 882 422 splendida
903 337 1003 405 factis

120 425 196 493 Sole
218 428 339 493 rubens
363 450 439 492 vero
463 426 586 512 regalis
609 431 643 491 et
665 425 779 492 inclita
802 427 906 512 virgo,

44 568 50 581 .
119 514 208 591 Quae
231 517 297 580 iam
316 516 472 602 virgineis
496 515 617 600 flagrat
640 520 812 600 compacta
834 515 963 582 choreis

120 606 257 670 Aeterni
279 605 366 691 regis
390 605 547 669 thalamis
570 603 710 668 fruitura
734 605 864 673 serenis.

47 710 101 760 400
119 692 268 779 Denique
292 694 482 777 corporibus
505 693 659 758 recreatis
683 692 816 758 reddere
838 697 983 778 pergunt

121 780 239 847 Grates
263 782 446 869 magnifico,
470 781 588 846 tribuit
611 781 667 866 qui
690 784 819 866 cuncta,
843 780 961 848 datori.

385 938 459 1005 Quid
478 936 588 1007 egerint
606 953 656 1006 per
674 935 864 993 refectionem.

119 1046 257 1131 Templa
280 1046 331 1110 dei
355 1047 469 1111 matris
494 1047 549 1111 sed
573 1051 687 1130 pastor
710 1045 812 1110 adivit
835 1047 978 1113 enormis

118 1133 229 1197 Mente
252 1137 365 1218 petens
389 1134 455 1197 ima
479 1134 541 1197 sibi
566 1136 725 1217 quaedam
749 1135 939 1220 significari3

117 1221 203 1286 Nam
228 1242 337 1285 secum
362 1243 455 1286 curas
480 1223 588 1287 animo
612 1223 795 1308 trepidante
820 1224 974 1289 movebat

47 1327 100 1377 466
119 1310 255 1394 Armine,
278 1314 316 1374 ut
339 1308 464 1374 Christi
487 1310 565 1396 iuga
588 1312 672 1377 collo
696 1311 880 1397 imponeret
902 1311 1000 1378 huius

119 1399 256 1465 Amulfi.
299 1397 360 1464 Oui
383 1400 464 1464 scire
488 1401 585 1464 datur
608 1399 765 1465 divinitus
789 1400 849 1464 olli

119 1487 236 1553 Officio
261 1488 397 1575 dignum
419 1489 489 1554 fore
512 1511 571 1573 pro
596 1493 684 1553 certo
707 1488 887 1553 clericatus.

120 1576 149 1641 A
173 1577 321 1661 precibus
345 1598 481 1663 surgens
505 1578 546 1642 ad
570 1599 604 1642 se
627 1598 704 1642 mox
727 1577 836 1662 cogier
858 1577 973 1642 urbem

55 1812 58 1819 Ι
458 1765 490 1773 -
505 1733 623 1789 Venatio
642 1712 741 1804 populi
760 1763 793 1772 -

121 1841 294 1928 Praecipit.
336 1842 381 1907 Ut
403 1845 467 1908 toti
490 1843 528 1906 fit
551 1842 653 1906 iussio
676 1845 756 1906 nota
780 1839 927 1906 Suburae

47 1947 100 1998 460
118 1931 164 1995 Et
187 1932 317 1997 bibulas
340 1931 563 1998 huiuscemodi
585 1954 649 1996 vox
671 1930 823 1995 verberat
847 1952 951 2014 aures,

120 2018 269 2085 curritur
292 2043 331 2085 ex
353 2024 439 2104 vot0,
463 2020 575 2085 Remis
599 2021 801 2104 glomeratur
823 2018 858 2083 in
881 2041 981 2084 unum

408 2174 578 2230 -Verbum
599 2176 636 2229 ad
654 2170 790 2246 populum
809 2205 843 2216 -

119 2282 263 2346 Auribus
288 2281 432 2346 arrectis.
472 2281 655 2365 Episcopus
680 2305 734 2347 ore
758 2283 918 2366 benignus

119 2369 208 2434 Tunc
232 2371 337 2455 aperit
360 2391 503 2453 causam,
525 2391 585 2454 pro
611 2392 676 2453 qua
698 2394 815 2436 venere
838 2373 956 2437 vocati.

119 2457 214 2542 mss,
237 2458 356 2543 inquit,
380 2457 635 2545 ς61οΑ0101400,
659 2461 707 2524 vir
729 2460 849 2525 nobilis
874 2465 972 2545 atque

47 2563 101 2616 460
120 2544 270 2632 Ingentis
294 2546 416 2632 meriti,
440 2547 574 2634 dignum
599 2571 695 2633 quem
718 2548 837 2614 caelica
860 2548 965 2613 virtus
1149 2565 1175 2605 41

120 2635 246 2700 Iudicat
270 2636 438 2701 ordinibus
460 2637 531 2702 fore
555 2638 655 2703 sacris
679 2643 712 2702 ct
735 2637 904 2702 clericatus

121 2723 237 2789 Officio
260 2723 374 2809 fungi?
415 2726 512 2791 Plebs
535 2727 649 2792 laudat
672 2730 705 2792 et
728 2726 841 2790 adnuit
865 2724 980 2790 omnis.

119 2811 295 2878 Promovet
317 2833 395 2897 crgo
418 2814 524 2879 virum
547 2815 613 2879 iam
637 2816 759 2880 dictum
783 2814 896 2879 doctor
919 2813 1049 2897 opimus

121 2900 174 2965 Ad
198 2901 293 2966 decus
318 2901 472 2965 ecclesiae
496 2907 645 2968 sanctum
668 2906 853 2986 sortemque
876 2903 1050 2969 beatorum

48 3004 102 3058 470
120 2988 300 3075 Egregiam
321 2989 426 3055 tonsis
450 2994 525 3073 apte
548 2990 715 3075 barbaque
739 2991 875 3074 capillis.

120 3077 293 3142 Exorcista
316 3077 430 3142 dehinc
453 3078 559 3143 factus
582 3080 809 3144 tantummodo
833 3078 905 3164 quis
929 3079 986 3162 sit,

190 3327 244 3376 446
264 3322 345 3377 Ἧο0’
368 3321 539 3392 ‘pulcrificis’
593 3327 646 3376 448
663 3322 746 3388 ‘Qus'
798 3328 849 3377 452
868 3323 920 3377 ‘di'
972 3330 1025 3381 468
1042 3327 1134 3398 ‘prae-

120 3392 210 3448 cibus’
266 3398 318 3448 409
340 3393 485 3464 ‘Pracipit’
542 3398 594 3447 464
615 3391 735 3461 ‘inquid'
753 3393 770 3446 d
789 3393 819 3446 in
837 3397 850 3448 t
868 3397 1026 3450 correctum
1082 3402 1133 3453 466

104 3463 236 3546 7’000001
264 3464 363 3520 celica’
441 3470 494 3520 466
520 3464 563 3518 ‘sa
591 3463 630 3546 et'
662 3463 715 3516 ‘ss’
740 3463 864 3518 deletum
893 3465 923 3519 et
949 3466 979 3518 in
1007 3468 1133 3540 margine

121 3534 230 3592 ‘saone’
252 3536 406 3606 ascriptum
459 3534 653 3592 467‘annu1t’
