<?xml version="1.0" encoding="UTF-8"?>
<!DOCTYPE html PUBLIC "-//W3C//DTD XHTML 1.0 Transitional//EN"
    "http://www.w3.org/TR/xhtml1/DTD/xhtml1-transitional.dtd">
<html xmlns="http://www.w3.org/1999/xhtml" xml:lang="en" lang="en">
 <head>
  <title>
</title>
<meta http-equiv="Content-Type" content="text/html;charset=utf-8" />
  <meta name='ocr-system' content='tesseract 3.04.00' />
  <meta name='ocr-capabilities' content='ocr_page ocr_carea ocr_par ocr_line ocrx_word'/>
</head>
<body>
  <div class='ocr_page' id='page_1' title='image "./grammaticiopera00virggoog_0401.png"; bbox 0 0 2422 3976; ppageno 0'>
   <div class='ocr_carea' id='block_1_1' title="bbox 119 178 826 243">
    <p class='ocr_par' dir='ltr' id='par_1_1' title="bbox 119 178 826 243">
     <span class='ocr_line' id='line_1_1' title="bbox 119 178 826 243; baseline 0.001 -9"><span class='ocrx_word' id='word_1_1' title='bbox 119 179 189 243; x_wconf 84' lang='grc'><strong>,168</strong></span> <span class='ocrx_word' id='word_1_2' title='bbox 436 180 483 234; x_wconf 83' lang='lat' dir='ltr'>IX.</span> <span class='ocrx_word' id='word_1_3' title='bbox 511 178 602 234; x_wconf 83' lang='lat' dir='ltr'>VITA</span> <span class='ocrx_word' id='word_1_4' title='bbox 626 180 652 237; x_wconf 83' lang='lat' dir='ltr'>S.</span> <span class='ocrx_word' id='word_1_5' title='bbox 672 178 826 235; x_wconf 79' lang='lat' dir='ltr'>GISLENI.</span> 
     </span>
    </p>
   </div>
   <div class='ocr_carea' id='block_1_2' title="bbox 144 338 1131 400">
    <p class='ocr_par' dir='ltr' id='par_1_2' title="bbox 144 338 1131 400">
     <span class='ocr_line' id='line_1_2' title="bbox 144 338 1131 400; baseline 0.008 -8"><span class='ocrx_word' id='word_1_6' title='bbox 144 340 186 393; x_wconf 93' lang='lat' dir='ltr'>De</span> <span class='ocrx_word' id='word_1_7' title='bbox 201 341 411 394; x_wconf 88' lang='lat' dir='ltr'>consecratione</span> <span class='ocrx_word' id='word_1_8' title='bbox 426 338 542 394; x_wconf 81' lang='lat' dir='ltr'>oratorii</span> <span class='ocrx_word' id='word_1_9' title='bbox 557 343 585 393; x_wconf 91' lang='lat' dir='ltr'>et</span> <span class='ocrx_word' id='word_1_10' title='bbox 601 339 780 395; x_wconf 78' lang='lat' dir='ltr'>conversione</span> <span class='ocrx_word' id='word_1_11' title='bbox 795 340 963 395; x_wconf 74' lang='lat' dir='ltr'>matorum</span> <span class='ocrx_word' id='word_1_12' title='bbox 976 342 1131 400; x_wconf 73' lang='lat' dir='ltr'>laudabili.</span> 
     </span>
    </p>
   </div>
   <div class='ocr_carea' id='block_1_3' title="bbox 52 447 1205 2479">
    <p class='ocr_par' dir='ltr' id='par_1_3' title="bbox 52 447 1205 2479">
     <span class='ocr_line' id='line_1_3' title="bbox 52 447 1076 536; baseline 0.005 -24"><span class='ocrx_word' id='word_1_13' title='bbox 52 463 106 514; x_wconf 84' lang='grc'>400</span> <span class='ocrx_word' id='word_1_14' title='bbox 124 448 289 513; x_wconf 87' lang='lat' dir='ltr'>Praesulis</span> <span class='ocrx_word' id='word_1_15' title='bbox 312 447 388 512; x_wconf 91' lang='lat' dir='ltr'>hinc</span> <span class='ocrx_word' id='word_1_16' title='bbox 411 471 524 533; x_wconf 82' lang='lat' dir='ltr'>opera,</span> <span class='ocrx_word' id='word_1_17' title='bbox 547 448 651 513; x_wconf 86' lang='lat' dir='ltr'>deitas</span> <span class='ocrx_word' id='word_1_18' title='bbox 675 448 761 532; x_wconf 90' lang='lat' dir='ltr'>quod</span> <span class='ocrx_word' id='word_1_19' title='bbox 784 453 940 515; x_wconf 75' lang='lat' dir='ltr'><strong>sanxerat</strong></span> <span class='ocrx_word' id='word_1_20' title='bbox 965 452 1076 536; x_wconf 83' lang='lat' dir='ltr'>alma,</span> 
     </span>
     <span class='ocr_line' id='line_1_4' title="bbox 125 536 1122 627; baseline 0.006 -26"><span class='ocrx_word' id='word_1_21' title='bbox 125 538 211 602; x_wconf 87' lang='lat' dir='ltr'>Dum</span> <span class='ocrx_word' id='word_1_22' title='bbox 234 537 320 601; x_wconf 87' lang='lat' dir='ltr'>foret</span> <span class='ocrx_word' id='word_1_23' title='bbox 342 537 515 620; x_wconf 87' lang='lat' dir='ltr'>impletum</span> <span class='ocrx_word' id='word_1_24' title='bbox 540 536 699 621; x_wconf 80' lang='lat' dir='ltr'>siquidem</span> <span class='ocrx_word' id='word_1_25' title='bbox 722 536 912 622; x_wconf 79' lang='lat' dir='ltr'>praenobile</span> <span class='ocrx_word' id='word_1_26' title='bbox 935 543 1122 627; x_wconf 85' lang='lat' dir='ltr'>templum,</span> 
     </span>
     <span class='ocr_line' id='line_1_5' title="bbox 52 625 886 711; baseline 0.002 -24"><span class='ocrx_word' id='word_1_27' title='bbox 52 670 64 687; x_wconf 91' lang='lat'><strong>.</strong></span> <span class='ocrx_word' id='word_1_28' title='bbox 124 625 247 691; x_wconf 87' lang='lat' dir='ltr'>Accitis</span> <span class='ocrx_word' id='word_1_29' title='bbox 271 625 410 710; x_wconf 83' lang='lat' dir='ltr'>geminis</span> <span class='ocrx_word' id='word_1_30' title='bbox 433 627 508 690; x_wconf 91' lang='lat' dir='ltr'>fidei</span> <span class='ocrx_word' id='word_1_31' title='bbox 532 625 713 709; x_wconf 79' lang='lat' dir='ltr'>signamine</span> <span class='ocrx_word' id='word_1_32' title='bbox 737 626 886 711; x_wconf 82' lang='lat' dir='ltr'>gemmis,</span> 
     </span>
     <span class='ocr_line' id='line_1_6' title="bbox 125 712 863 780; baseline 0.003 -2"><span class='ocrx_word' id='word_1_33' title='bbox 125 712 256 780; x_wconf 76' lang='lat' dir='ltr'>Scilicet</span> <span class='ocrx_word' id='word_1_34' title='bbox 279 715 442 779; x_wconf 86' lang='lat' dir='ltr'>Autberto</span> <span class='ocrx_word' id='word_1_35' title='bbox 467 712 634 780; x_wconf 79' lang='lat' dir='ltr'>Cameraci</span> <span class='ocrx_word' id='word_1_36' title='bbox 658 714 733 778; x_wconf 88' lang='lat' dir='ltr'>sede</span> <span class='ocrx_word' id='word_1_37' title='bbox 754 713 863 780; x_wconf 83' lang='lat' dir='ltr'>faceto</span> 
     </span>
     <span class='ocr_line' id='line_1_7' title="bbox 125 802 979 890; baseline 0.004 -23"><span class='ocrx_word' id='word_1_38' title='bbox 125 803 260 868; x_wconf 86' lang='lat' dir='ltr'>Necnon</span> <span class='ocrx_word' id='word_1_39' title='bbox 284 804 453 887; x_wconf 89' lang='lat' dir='ltr'>praeclaro</span> <span class='ocrx_word' id='word_1_40' title='bbox 477 804 610 869; x_wconf 84' lang='lat' dir='ltr'>caelesti</span> <span class='ocrx_word' id='word_1_41' title='bbox 634 803 788 889; x_wconf 84' lang='lat' dir='ltr'>dogmate</span> <span class='ocrx_word' id='word_1_42' title='bbox 811 802 979 890; x_wconf 75' lang='lat' dir='ltr'>Amouda,</span> 
     </span>
     <span class='ocr_line' id='line_1_8' title="bbox 53 892 958 978; baseline 0 -21"><span class='ocrx_word' id='word_1_43' title='bbox 53 908 106 957; x_wconf 85' lang='grc'>405</span> <span class='ocrx_word' id='word_1_44' title='bbox 124 892 265 957; x_wconf 90' lang='lat' dir='ltr'>Nomine</span> <span class='ocrx_word' id='word_1_45' title='bbox 289 893 349 956; x_wconf 90' lang='lat' dir='ltr'>sub</span> <span class='ocrx_word' id='word_1_46' title='bbox 373 892 463 956; x_wconf 89' lang='lat' dir='ltr'>Petri</span> <span class='ocrx_word' id='word_1_47' title='bbox 487 892 637 957; x_wconf 86' lang='lat' dir='ltr'>dicarunt</span> <span class='ocrx_word' id='word_1_48' title='bbox 660 892 802 956; x_wconf 87' lang='lat' dir='ltr'>culmina</span> <span class='ocrx_word' id='word_1_49' title='bbox 824 893 958 978; x_wconf 82' lang='lat' dir='ltr'>templi3</span> 
     </span>
     <span class='ocr_line' id='line_1_9' title="bbox 124 979 926 1045; baseline 0 0"><span class='ocrx_word' id='word_1_50' title='bbox 124 981 242 1045; x_wconf 78' lang='lat' dir='ltr'>Adfuit</span> <span class='ocrx_word' id='word_1_51' title='bbox 265 985 297 1044; x_wconf 87' lang='lat' dir='ltr'>et</span> <span class='ocrx_word' id='word_1_52' title='bbox 321 980 426 1045; x_wconf 89' lang='lat' dir='ltr'>sancti</span> <span class='ocrx_word' id='word_1_53' title='bbox 449 1003 568 1045; x_wconf 90' lang='lat' dir='ltr'>nomen</span> <span class='ocrx_word' id='word_1_54' title='bbox 591 980 802 1044; x_wconf 81' lang='lat' dir='ltr'>memorabile</span> <span class='ocrx_word' id='word_1_55' title='bbox 822 979 926 1045; x_wconf 88' lang='lat' dir='ltr'>Pauli.</span> 
     </span>
     <span class='ocr_line' id='line_1_10' title="bbox 124 1067 976 1152; baseline 0.004 -19"><span class='ocrx_word' id='word_1_56' title='bbox 124 1067 196 1133; x_wconf 90' lang='lat' dir='ltr'>Hoc</span> <span class='ocrx_word' id='word_1_57' title='bbox 220 1070 339 1132; x_wconf 79' lang='lat' dir='ltr'>etenim</span> <span class='ocrx_word' id='word_1_58' title='bbox 363 1070 487 1152; x_wconf 88' lang='lat' dir='ltr'>templo</span> <span class='ocrx_word' id='word_1_59' title='bbox 512 1067 636 1132; x_wconf 76' lang='lat' dir='ltr'>Christi</span> <span class='ocrx_word' id='word_1_60' title='bbox 660 1069 721 1133; x_wconf 90' lang='lat' dir='ltr'>sub</span> <span class='ocrx_word' id='word_1_61' title='bbox 746 1073 834 1134; x_wconf 89' lang='lat' dir='ltr'>sorte</span> <span class='ocrx_word' id='word_1_62' title='bbox 856 1073 976 1136; x_wconf 86' lang='lat' dir='ltr'>notato</span> 
     </span>
     <span class='ocr_line' id='line_1_11' title="bbox 124 1156 870 1242; baseline 0.004 -24"><span class='ocrx_word' id='word_1_63' title='bbox 124 1156 232 1219; x_wconf 87' lang='lat' dir='ltr'>Pastis</span> <span class='ocrx_word' id='word_1_64' title='bbox 257 1178 294 1220; x_wconf 89' lang='lat' dir='ltr'>ac</span> <span class='ocrx_word' id='word_1_65' title='bbox 316 1157 447 1241; x_wconf 91' lang='lat' dir='ltr'>populis</span> <span class='ocrx_word' id='word_1_66' title='bbox 471 1157 552 1242; x_wconf 81' lang='lat' dir='ltr'>legis</span> <span class='ocrx_word' id='word_1_67' title='bbox 576 1157 707 1222; x_wconf 91' lang='lat' dir='ltr'>dulcore</span> <span class='ocrx_word' id='word_1_68' title='bbox 729 1159 870 1222; x_wconf 84' lang='lat' dir='ltr'>recentis</span> 
     </span>
     <span class='ocr_line' id='line_1_12' title="bbox 124 1243 924 1330; baseline 0.004 -23"><span class='ocrx_word' id='word_1_69' title='bbox 124 1243 262 1327; x_wconf 86' lang='lat' dir='ltr'>Insuper</span> <span class='ocrx_word' id='word_1_70' title='bbox 286 1248 318 1308; x_wconf 91' lang='lat' dir='ltr'>et</span> <span class='ocrx_word' id='word_1_71' title='bbox 341 1244 458 1328; x_wconf 88' lang='lat' dir='ltr'>policis</span> <span class='ocrx_word' id='word_1_72' title='bbox 481 1245 651 1310; x_wconf 86' lang='lat' dir='ltr'>instructis</span> <span class='ocrx_word' id='word_1_73' title='bbox 674 1246 800 1330; x_wconf 88' lang='lat' dir='ltr'>plenius</span> <span class='ocrx_word' id='word_1_74' title='bbox 824 1247 924 1310; x_wconf 90' lang='lat' dir='ltr'>armis</span> 
     </span>
     <span class='ocr_line' id='line_1_13' title="bbox 55 1332 1205 1418; baseline 0.001 -20"><span class='ocrx_word' id='word_1_75' title='bbox 55 1349 106 1398; x_wconf 83' lang='grc'>500</span> <span class='ocrx_word' id='word_1_76' title='bbox 126 1332 268 1416; x_wconf 82' lang='lat' dir='ltr'>Quisque</span> <span class='ocrx_word' id='word_1_77' title='bbox 292 1333 424 1398; x_wconf 90' lang='lat' dir='ltr'>domum</span> <span class='ocrx_word' id='word_1_78' title='bbox 448 1335 581 1418; x_wconf 80' lang='lat' dir='ltr'>repetit,</span> <span class='ocrx_word' id='word_1_79' title='bbox 604 1356 699 1399; x_wconf 85' lang='lat' dir='ltr'>voces</span> <span class='ocrx_word' id='word_1_80' title='bbox 724 1335 764 1399; x_wconf 88' lang='lat' dir='ltr'>ad</span> <span class='ocrx_word' id='word_1_81' title='bbox 787 1334 894 1399; x_wconf 88' lang='lat' dir='ltr'>sidera</span> <span class='ocrx_word' id='word_1_82' title='bbox 916 1335 1023 1402; x_wconf 87' lang='lat' dir='ltr'>tollit.</span> <span class='ocrx_word' id='word_1_83' title='bbox 1165 1350 1205 1400; x_wconf 71' lang='grc' dir='ltr'>ιε’</span> 
     </span>
     <span class='ocr_line' id='line_1_14' title="bbox 124 1421 1205 1508; baseline 0.003 -22"><span class='ocrx_word' id='word_1_84' title='bbox 124 1422 208 1487; x_wconf 78' lang='lat' dir='ltr'>Ecce</span> <span class='ocrx_word' id='word_1_85' title='bbox 231 1421 440 1507; x_wconf 82' lang='lat' dir='ltr'>Matelgerus,</span> <span class='ocrx_word' id='word_1_86' title='bbox 463 1423 618 1488; x_wconf 89' lang='lat' dir='ltr'>comitum</span> <span class='ocrx_word' id='word_1_87' title='bbox 642 1424 853 1508; x_wconf 84' lang='lat' dir='ltr'>dignissimus</span> <span class='ocrx_word' id='word_1_88' title='bbox 876 1445 972 1502; x_wconf 72' lang='lat' dir='ltr'>unua,</span> <span class='ocrx_word' id='word_1_89' title='bbox 1161 1429 1205 1471; x_wconf 68' lang='lat'>⁰⁰²¹</span> 
     </span>
     <span class='ocr_line' id='line_1_15' title="bbox 124 1511 965 1596; baseline 0.004 -22"><span class='ocrx_word' id='word_1_90' title='bbox 124 1511 278 1576; x_wconf 90' lang='lat' dir='ltr'>Plebibus</span> <span class='ocrx_word' id='word_1_91' title='bbox 302 1513 472 1596; x_wconf 88' lang='lat' dir='ltr'>intererat,</span> <span class='ocrx_word' id='word_1_92' title='bbox 496 1511 572 1576; x_wconf 85' lang='lat' dir='ltr'>festi</span> <span class='ocrx_word' id='word_1_93' title='bbox 596 1533 676 1595; x_wconf 88' lang='lat' dir='ltr'>quas</span> <span class='ocrx_word' id='word_1_94' title='bbox 701 1534 778 1576; x_wconf 89' lang='lat' dir='ltr'>cura</span> <span class='ocrx_word' id='word_1_95' title='bbox 801 1512 965 1577; x_wconf 87' lang='lat' dir='ltr'>trahebat.</span> 
     </span>
     <span class='ocr_line' id='line_1_16' title="bbox 124 1599 1081 1685; baseline 0.005 -21"><span class='ocrx_word' id='word_1_96' title='bbox 124 1599 187 1664; x_wconf 92' lang='lat' dir='ltr'>Hic</span> <span class='ocrx_word' id='word_1_97' title='bbox 210 1601 358 1685; x_wconf 89' lang='lat' dir='ltr'>equidem</span> <span class='ocrx_word' id='word_1_98' title='bbox 382 1622 510 1666; x_wconf 85' lang='lat' dir='ltr'>sacrum</span> <span class='ocrx_word' id='word_1_99' title='bbox 533 1601 672 1664; x_wconf 90' lang='lat' dir='ltr'>condens</span> <span class='ocrx_word' id='word_1_100' title='bbox 697 1601 758 1664; x_wconf 90' lang='lat' dir='ltr'>sub</span> <span class='ocrx_word' id='word_1_101' title='bbox 781 1604 912 1685; x_wconf 76' lang='lat' dir='ltr'>pectore</span> <span class='ocrx_word' id='word_1_102' title='bbox 935 1602 1081 1669; x_wconf 87' lang='lat' dir='ltr'>verbum</span> 
     </span>
     <span class='ocr_line' id='line_1_17' title="bbox 125 1686 956 1774; baseline 0.002 -23"><span class='ocrx_word' id='word_1_103' title='bbox 125 1686 278 1772; x_wconf 80' lang='lat' dir='ltr'>Quaeque</span> <span class='ocrx_word' id='word_1_104' title='bbox 301 1689 487 1754; x_wconf 86' lang='lat' dir='ltr'>vacillantis</span> <span class='ocrx_word' id='word_1_105' title='bbox 512 1689 679 1774; x_wconf 86' lang='lat' dir='ltr'>postmisit</span> <span class='ocrx_word' id='word_1_106' title='bbox 702 1689 820 1753; x_wconf 86' lang='lat' dir='ltr'>frivola</span> <span class='ocrx_word' id='word_1_107' title='bbox 843 1689 956 1753; x_wconf 88' lang='lat' dir='ltr'>mundi</span> 
     </span>
     <span class='ocr_line' id='line_1_18' title="bbox 54 1775 1015 1862; baseline 0.003 -21"><span class='ocrx_word' id='word_1_108' title='bbox 54 1791 105 1841; x_wconf 85' lang='grc'>505</span> <span class='ocrx_word' id='word_1_109' title='bbox 125 1775 234 1861; x_wconf 83' lang='lat' dir='ltr'>Atque</span> <span class='ocrx_word' id='word_1_110' title='bbox 258 1799 351 1842; x_wconf 87' lang='lat' dir='ltr'>coma</span> <span class='ocrx_word' id='word_1_111' title='bbox 374 1779 491 1862; x_wconf 90' lang='lat' dir='ltr'>capitis</span> <span class='ocrx_word' id='word_1_112' title='bbox 515 1779 625 1862; x_wconf 85' lang='lat' dir='ltr'>posita</span> <span class='ocrx_word' id='word_1_113' title='bbox 648 1777 708 1841; x_wconf 92' lang='lat' dir='ltr'>sub</span> <span class='ocrx_word' id='word_1_114' title='bbox 733 1799 843 1842; x_wconf 87' lang='lat' dir='ltr'>amoro</span> <span class='ocrx_word' id='word_1_115' title='bbox 866 1780 1015 1844; x_wconf 85' lang='lat' dir='ltr'>tonantis</span> 
     </span>
     <span class='ocr_line' id='line_1_19' title="bbox 124 1864 952 1931; baseline 0.004 -3"><span class='ocrx_word' id='word_1_116' title='bbox 124 1864 278 1930; x_wconf 86' lang='lat' dir='ltr'>Autberti</span> <span class='ocrx_word' id='word_1_117' title='bbox 301 1867 451 1930; x_wconf 88' lang='lat' dir='ltr'>manibus</span> <span class='ocrx_word' id='word_1_118' title='bbox 475 1865 573 1931; x_wconf 85' lang='lat' dir='ltr'>deicis</span> <span class='ocrx_word' id='word_1_119' title='bbox 596 1866 635 1929; x_wconf 89' lang='lat' dir='ltr'>fit</span> <span class='ocrx_word' id='word_1_120' title='bbox 658 1866 804 1930; x_wconf 88' lang='lat' dir='ltr'>coetibus</span> <span class='ocrx_word' id='word_1_121' title='bbox 828 1869 952 1931; x_wconf 87' lang='lat' dir='ltr'>auctus.</span> 
     </span>
     <span class='ocr_line' id='line_1_20' title="bbox 123 1953 1107 2044; baseline 0.007 -27"><span class='ocrx_word' id='word_1_122' title='bbox 123 1953 186 2017; x_wconf 83' lang='lat' dir='ltr'>Est</span> <span class='ocrx_word' id='word_1_123' title='bbox 208 1954 323 2039; x_wconf 83' lang='lat' dir='ltr'>iugens</span> <span class='ocrx_word' id='word_1_124' title='bbox 347 1959 453 2019; x_wconf 86' lang='lat' dir='ltr'>terrae</span> <span class='ocrx_word' id='word_1_125' title='bbox 477 1954 624 2019; x_wconf 88' lang='lat' dir='ltr'>cumulus</span> <span class='ocrx_word' id='word_1_126' title='bbox 647 1976 749 2039; x_wconf 92' lang='lat' dir='ltr'>prope</span> <span class='ocrx_word' id='word_1_127' title='bbox 772 1954 907 2019; x_wconf 87' lang='lat' dir='ltr'>flumina</span> <span class='ocrx_word' id='word_1_128' title='bbox 930 1953 1107 2044; x_wconf 85' lang='lat' dir='ltr'>Sambrae,</span> 
     </span>
     <span class='ocr_line' id='line_1_21' title="bbox 123 2040 892 2127; baseline 0.003 -23"><span class='ocrx_word' id='word_1_129' title='bbox 123 2040 214 2107; x_wconf 88' lang='lat' dir='ltr'>Idem</span> <span class='ocrx_word' id='word_1_130' title='bbox 239 2044 420 2108; x_wconf 89' lang='lat' dir='ltr'>Monsaltus</span> <span class='ocrx_word' id='word_1_131' title='bbox 445 2045 546 2107; x_wconf 85' lang='lat' dir='ltr'>mixto</span> <span class='ocrx_word' id='word_1_132' title='bbox 571 2065 719 2107; x_wconf 88' lang='lat' dir='ltr'>sermone</span> <span class='ocrx_word' id='word_1_133' title='bbox 742 2047 892 2127; x_wconf 80' lang='lat' dir='ltr'>vocatus3</span> 
     </span>
     <span class='ocr_line' id='line_1_22' title="bbox 124 2129 982 2196; baseline 0.002 -2"><span class='ocrx_word' id='word_1_134' title='bbox 124 2129 187 2195; x_wconf 90' lang='lat' dir='ltr'>Hic</span> <span class='ocrx_word' id='word_1_135' title='bbox 210 2133 392 2196; x_wconf 86' lang='lat' dir='ltr'>monachile</span> <span class='ocrx_word' id='word_1_136' title='bbox 416 2132 512 2196; x_wconf 79' lang='lat' dir='ltr'>decus</span> <span class='ocrx_word' id='word_1_137' title='bbox 535 2131 732 2196; x_wconf 84' lang='lat' dir='ltr'>venerabilis</span> <span class='ocrx_word' id='word_1_138' title='bbox 754 2131 861 2196; x_wconf 86' lang='lat' dir='ltr'>induit</span> <span class='ocrx_word' id='word_1_139' title='bbox 883 2131 982 2196; x_wconf 89' lang='lat' dir='ltr'>herus</span> 
     </span>
     <span class='ocr_line' id='line_1_23' title="bbox 53 2219 1079 2306; baseline 0.006 -23"><span class='ocrx_word' id='word_1_140' title='bbox 53 2236 105 2283; x_wconf 88' lang='grc'><strong>510</strong></span> <span class='ocrx_word' id='word_1_141' title='bbox 124 2219 284 2284; x_wconf 84' lang='lat' dir='ltr'>Aethram</span> <span class='ocrx_word' id='word_1_142' title='bbox 308 2223 417 2282; x_wconf 90' lang='lat' dir='ltr'>mente</span> <span class='ocrx_word' id='word_1_143' title='bbox 440 2223 562 2301; x_wconf 87' lang='lat' dir='ltr'>tenens,</span> <span class='ocrx_word' id='word_1_144' title='bbox 585 2221 681 2284; x_wconf 88' lang='lat' dir='ltr'>terris</span> <span class='ocrx_word' id='word_1_145' title='bbox 705 2219 762 2284; x_wconf 87' lang='lat' dir='ltr'>sed</span> <span class='ocrx_word' id='word_1_146' title='bbox 784 2241 920 2305; x_wconf 88' lang='lat' dir='ltr'>corpore</span> <span class='ocrx_word' id='word_1_147' title='bbox 944 2221 1079 2306; x_wconf 77' lang='lat' dir='ltr'>degens,</span> 
     </span>
     <span class='ocr_line' id='line_1_24' title="bbox 123 2307 986 2394; baseline 0.002 -24"><span class='ocrx_word' id='word_1_148' title='bbox 123 2307 271 2370; x_wconf 88' lang='lat' dir='ltr'>Moribus</span> <span class='ocrx_word' id='word_1_149' title='bbox 295 2327 374 2391; x_wconf 85' lang='lat' dir='ltr'>ergo</span> <span class='ocrx_word' id='word_1_150' title='bbox 398 2307 509 2388; x_wconf 89' lang='lat' dir='ltr'>probis</span> <span class='ocrx_word' id='word_1_151' title='bbox 533 2307 618 2372; x_wconf 86' lang='lat' dir='ltr'>vitae</span> <span class='ocrx_word' id='word_1_152' title='bbox 642 2330 699 2392; x_wconf 88' lang='lat' dir='ltr'>per</span> <span class='ocrx_word' id='word_1_153' title='bbox 722 2309 854 2373; x_wconf 89' lang='lat' dir='ltr'>climata</span> <span class='ocrx_word' id='word_1_154' title='bbox 876 2308 986 2394; x_wconf 82' lang='lat' dir='ltr'>fulsit,</span> 
     </span>
     <span class='ocr_line' id='line_1_25' title="bbox 124 2394 950 2479; baseline 0.001 -20"><span class='ocrx_word' id='word_1_155' title='bbox 124 2395 211 2459; x_wconf 89' lang='lat' dir='ltr'>Dum</span> <span class='ocrx_word' id='word_1_156' title='bbox 234 2398 362 2479; x_wconf 88' lang='lat' dir='ltr'>partem</span> <span class='ocrx_word' id='word_1_157' title='bbox 387 2394 494 2459; x_wconf 87' lang='lat' dir='ltr'>deicae</span> <span class='ocrx_word' id='word_1_158' title='bbox 519 2396 607 2459; x_wconf 87' lang='lat' dir='ltr'>caelo</span> <span class='ocrx_word' id='word_1_159' title='bbox 633 2397 822 2461; x_wconf 84' lang='lat' dir='ltr'>sufflaverat</span> <span class='ocrx_word' id='word_1_160' title='bbox 845 2419 950 2462; x_wconf 90' lang='lat' dir='ltr'>aurae.</span> 
     </span>
    </p>
   </div>
   <div class='ocr_carea' id='block_1_4' title="bbox 52 2483 1091 3012">
    <p class='ocr_par' dir='ltr' id='par_1_4' title="bbox 123 2483 1078 2657">
     <span class='ocr_line' id='line_1_26' title="bbox 123 2483 1078 2574; baseline 0.006 -27"><span class='ocrx_word' id='word_1_161' title='bbox 123 2483 208 2547; x_wconf 90' lang='lat' dir='ltr'>Huic</span> <span class='ocrx_word' id='word_1_162' title='bbox 232 2483 370 2547; x_wconf 84' lang='lat' dir='ltr'>coniunx</span> <span class='ocrx_word' id='word_1_163' title='bbox 394 2483 513 2567; x_wconf 83' lang='lat' dir='ltr'>viguit,</span> <span class='ocrx_word' id='word_1_164' title='bbox 537 2484 633 2568; x_wconf 93' lang='lat' dir='ltr'>parili</span> <span class='ocrx_word' id='word_1_165' title='bbox 657 2507 739 2569; x_wconf 89' lang='lat' dir='ltr'>quae</span> <span class='ocrx_word' id='word_1_166' title='bbox 762 2489 933 2549; x_wconf 87' lang='lat' dir='ltr'>stemmate</span> <span class='ocrx_word' id='word_1_167' title='bbox 957 2486 1078 2574; x_wconf 86' lang='lat' dir='ltr'>crevit,</span> 
     </span>
     <span class='ocr_line' id='line_1_27' title="bbox 123 2571 946 2657; baseline 0.005 -23"><span class='ocrx_word' id='word_1_168' title='bbox 123 2571 243 2635; x_wconf 87' lang='lat' dir='ltr'>Inclita</span> <span class='ocrx_word' id='word_1_169' title='bbox 265 2571 489 2657; x_wconf 83' lang='lat' dir='ltr'>Vualdtrudis‚</span> <span class='ocrx_word' id='word_1_170' title='bbox 513 2572 663 2656; x_wconf 86' lang='lat' dir='ltr'>specialis</span> <span class='ocrx_word' id='word_1_171' title='bbox 687 2573 809 2638; x_wconf 87' lang='lat' dir='ltr'>femina</span> <span class='ocrx_word' id='word_1_172' title='bbox 832 2574 946 2638; x_wconf 88' lang='lat' dir='ltr'>laudis.</span> 
     </span>
    </p>

    <p class='ocr_par' dir='ltr' id='par_1_5' title="bbox 52 2660 1091 3012">
     <span class='ocr_line' id='line_1_28' title="bbox 52 2660 1063 2745; baseline 0.003 -21"><span class='ocrx_word' id='word_1_173' title='bbox 52 2676 105 2724; x_wconf 78' lang='grc'><strong>515</strong></span> <span class='ocrx_word' id='word_1_174' title='bbox 125 2660 214 2725; x_wconf 86' lang='lat' dir='ltr'>Haec</span> <span class='ocrx_word' id='word_1_175' title='bbox 238 2682 365 2745; x_wconf 88' lang='lat' dir='ltr'>quoque</span> <span class='ocrx_word' id='word_1_176' title='bbox 389 2662 465 2725; x_wconf 92' lang='lat' dir='ltr'>dum</span> <span class='ocrx_word' id='word_1_177' title='bbox 489 2665 591 2725; x_wconf 86' lang='lat' dir='ltr'>semet</span> <span class='ocrx_word' id='word_1_178' title='bbox 614 2662 715 2726; x_wconf 90' lang='lat' dir='ltr'>cosmi</span> <span class='ocrx_word' id='word_1_179' title='bbox 739 2662 799 2726; x_wconf 89' lang='lat' dir='ltr'>sub</span> <span class='ocrx_word' id='word_1_180' title='bbox 822 2662 910 2727; x_wconf 84' lang='lat' dir='ltr'>fasce</span> <span class='ocrx_word' id='word_1_181' title='bbox 933 2665 1063 2728; x_wconf 90' lang='lat' dir='ltr'>teneret</span> 
     </span>
     <span class='ocr_line' id='line_1_29' title="bbox 123 2748 1091 2838; baseline 0.006 -26"><span class='ocrx_word' id='word_1_182' title='bbox 123 2748 260 2813; x_wconf 87' lang='lat' dir='ltr'>Praedia</span> <span class='ocrx_word' id='word_1_183' title='bbox 284 2771 478 2814; x_wconf 84' lang='lat' dir='ltr'>conservans</span> <span class='ocrx_word' id='word_1_184' title='bbox 501 2749 634 2815; x_wconf 89' lang='lat' dir='ltr'>famulis</span> <span class='ocrx_word' id='word_1_185' title='bbox 658 2754 691 2814; x_wconf 88' lang='lat' dir='ltr'>et</span> <span class='ocrx_word' id='word_1_186' title='bbox 715 2752 883 2816; x_wconf 87' lang='lat' dir='ltr'>commoda</span> <span class='ocrx_word' id='word_1_187' title='bbox 904 2755 1091 2838; x_wconf 86' lang='lat' dir='ltr'>praestans,</span> 
     </span>
     <span class='ocr_line' id='line_1_30' title="bbox 122 2836 926 2924; baseline 0.004 -23"><span class='ocrx_word' id='word_1_188' title='bbox 122 2837 315 2902; x_wconf 88' lang='lat' dir='ltr'>Pontificem</span> <span class='ocrx_word' id='word_1_189' title='bbox 339 2860 445 2902; x_wconf 87' lang='lat' dir='ltr'>sermo</span> <span class='ocrx_word' id='word_1_190' title='bbox 469 2836 635 2903; x_wconf 84' lang='lat' dir='ltr'>Gislenum</span> <span class='ocrx_word' id='word_1_191' title='bbox 660 2841 738 2903; x_wconf 89' lang='lat' dir='ltr'>visit</span> <span class='ocrx_word' id='word_1_192' title='bbox 761 2840 802 2904; x_wconf 91' lang='lat' dir='ltr'>ab</span> <span class='ocrx_word' id='word_1_193' title='bbox 827 2844 926 2924; x_wconf 83' lang='lat' dir='ltr'>astra,</span> 
     </span>
     <span class='ocr_line' id='line_1_31' title="bbox 123 2924 993 3012; baseline 0 -21"><span class='ocrx_word' id='word_1_194' title='bbox 123 2924 317 2991; x_wconf 75' lang='lat' dir='ltr'>Commouet</span> <span class='ocrx_word' id='word_1_195' title='bbox 341 2949 378 2991; x_wconf 87' lang='lat' dir='ltr'>ac</span> <span class='ocrx_word' id='word_1_196' title='bbox 401 2927 539 3010; x_wconf 80' lang='lat' dir='ltr'>rogitat,</span> <span class='ocrx_word' id='word_1_197' title='bbox 563 2927 615 2992; x_wconf 87' lang='lat' dir='ltr'>dio</span> <span class='ocrx_word' id='word_1_198' title='bbox 640 2950 702 3012; x_wconf 87' lang='lat' dir='ltr'>quo</span> <span class='ocrx_word' id='word_1_199' title='bbox 727 2932 857 2993; x_wconf 87' lang='lat' dir='ltr'>nectare</span> <span class='ocrx_word' id='word_1_200' title='bbox 880 2931 993 3012; x_wconf 88' lang='lat' dir='ltr'>pascat</span> 
     </span>
    </p>
   </div>
   <div class='ocr_carea' id='block_1_5' title="bbox 120 3115 1143 3613">
    <p class='ocr_par' dir='ltr' id='par_1_6' title="bbox 120 3115 1143 3613">
     <span class='ocr_line' id='line_1_32' title="bbox 195 3115 1141 3190; baseline 0.005 -18"><span class='ocrx_word' id='word_1_201' title='bbox 195 3115 397 3172; x_wconf 78' lang='lat' dir='ltr'>‘consortione&#39;</span> <span class='ocrx_word' id='word_1_202' title='bbox 419 3148 453 3157; x_wconf 96' lang='lat'>-</span> <span class='ocrx_word' id='word_1_203' title='bbox 476 3125 528 3173; x_wconf 83' lang='lat'>493</span> <span class='ocrx_word' id='word_1_204' title='bbox 555 3117 717 3174; x_wconf 76' lang='lat' dir='ltr'>‘cemorani’</span> <span class='ocrx_word' id='word_1_205' title='bbox 743 3118 880 3190; x_wconf 88' lang='lat' dir='ltr'>scriptum</span> <span class='ocrx_word' id='word_1_206' title='bbox 903 3119 1014 3174; x_wconf 86' lang='lat' dir='ltr'>videtur</span> <span class='ocrx_word' id='word_1_207' title='bbox 1086 3127 1141 3178; x_wconf 84' lang='grc'>495</span> 
     </span>
     <span class='ocr_line' id='line_1_33' title="bbox 123 3187 1142 3259; baseline 0.005 -17"><span class='ocrx_word' id='word_1_208' title='bbox 123 3188 227 3243; x_wconf 79' lang='lat' dir='ltr'>‘dicar’</span> <span class='ocrx_word' id='word_1_209' title='bbox 291 3194 344 3243; x_wconf 87' lang='grc'>496</span> <span class='ocrx_word' id='word_1_210' title='bbox 366 3187 476 3243; x_wconf 79' lang='lat' dir='ltr'>‘Affuis’</span> <span class='ocrx_word' id='word_1_211' title='bbox 542 3196 593 3246; x_wconf 92' lang='grc'><strong>501</strong></span> <span class='ocrx_word' id='word_1_212' title='bbox 611 3190 806 3259; x_wconf 81' lang='lat' dir='ltr'>‘matelgerus&#39;</span> <span class='ocrx_word' id='word_1_213' title='bbox 826 3195 840 3244; x_wconf 87' lang='lat' dir='ltr'>t</span> <span class='ocrx_word' id='word_1_214' title='bbox 863 3208 896 3245; x_wconf 84' lang='lat' dir='ltr'>ex</span> <span class='ocrx_word' id='word_1_215' title='bbox 919 3190 930 3244; x_wconf 91' lang='lat' dir='ltr'>l</span> <span class='ocrx_word' id='word_1_216' title='bbox 953 3192 1142 3248; x_wconf 77' lang='lat' dir='ltr'>emendatum</span> 
     </span>
     <span class='ocr_line' id='line_1_34' title="bbox 122 3259 1142 3319; baseline 0.006 -6"><span class='ocrx_word' id='word_1_217' title='bbox 122 3259 233 3314; x_wconf 86' lang='lat' dir='ltr'>videtur</span> <span class='ocrx_word' id='word_1_218' title='bbox 292 3266 343 3314; x_wconf 89' lang='grc'>506</span> <span class='ocrx_word' id='word_1_219' title='bbox 365 3260 490 3315; x_wconf 84' lang='lat' dir='ltr'>‘comam’</span> <span class='ocrx_word' id='word_1_220' title='bbox 553 3267 604 3316; x_wconf 82' lang='grc'>507</span> <span class='ocrx_word' id='word_1_221' title='bbox 626 3261 774 3316; x_wconf 83' lang='lat' dir='ltr'>‘cumulus’</span> <span class='ocrx_word' id='word_1_222' title='bbox 798 3278 834 3315; x_wconf 88' lang='lat' dir='ltr'>an</span> <span class='ocrx_word' id='word_1_223' title='bbox 853 3261 1018 3315; x_wconf 77' lang='lat' dir='ltr'>‘tumulae’r</span> <span class='ocrx_word' id='word_1_224' title='bbox 1084 3270 1142 3319; x_wconf 82' lang='grc'>509</span> 
     </span>
     <span class='ocr_line' id='line_1_35' title="bbox 123 3328 1143 3404; baseline 0.005 -21"><span class='ocrx_word' id='word_1_225' title='bbox 123 3328 305 3384; x_wconf 80' lang='lat' dir='ltr'>‘manachile’</span> <span class='ocrx_word' id='word_1_226' title='bbox 326 3348 343 3385; x_wconf 93' lang='lat' dir='ltr'>o</span> <span class='ocrx_word' id='word_1_227' title='bbox 368 3348 502 3401; x_wconf 88' lang='lat' dir='ltr'>superscr.</span> <span class='ocrx_word' id='word_1_228' title='bbox 571 3337 624 3387; x_wconf 94' lang='grc'><strong>510</strong></span> <span class='ocrx_word' id='word_1_229' title='bbox 650 3332 776 3387; x_wconf 73' lang='lat' dir='ltr'>‘Aethra’</span> <span class='ocrx_word' id='word_1_230' title='bbox 848 3338 898 3387; x_wconf 91' lang='grc'>511</span> <span class='ocrx_word' id='word_1_231' title='bbox 921 3333 1011 3400; x_wconf 82' lang='lat' dir='ltr'>‘ergo’</span> <span class='ocrx_word' id='word_1_232' title='bbox 1037 3350 1143 3404; x_wconf 77' lang='lat' dir='ltr'>perg</span> 
     </span>
     <span class='ocr_line' id='line_1_36' title="bbox 121 3401 1143 3473; baseline 0.007 -18"><span class='ocrx_word' id='word_1_233' title='bbox 121 3401 255 3469; x_wconf 86' lang='lat' dir='ltr'>scriptum</span> <span class='ocrx_word' id='word_1_234' title='bbox 280 3403 496 3473; x_wconf 86' lang='lat' dir='ltr'>superimposito</span> <span class='ocrx_word' id='word_1_235' title='bbox 516 3420 532 3457; x_wconf 95' lang='lat' dir='ltr'>o</span> <span class='ocrx_word' id='word_1_236' title='bbox 587 3408 639 3456; x_wconf 85' lang='grc'><strong>513</strong></span> <span class='ocrx_word' id='word_1_237' title='bbox 660 3403 782 3458; x_wconf 82' lang='lat' dir='ltr'>‘coniux’</span> <span class='ocrx_word' id='word_1_238' title='bbox 840 3408 893 3457; x_wconf 82' lang='lat'>614</span> <span class='ocrx_word' id='word_1_239' title='bbox 914 3401 1100 3459; x_wconf 81' lang='lat' dir='ltr'>‘uuldtrudis&#39;</span> <span class='ocrx_word' id='word_1_240' title='bbox 1124 3424 1143 3462; x_wconf 89' lang='lat' dir='ltr'>a</span> 
     </span>
     <span class='ocr_line' id='line_1_37' title="bbox 120 3473 1141 3543; baseline 0.006 -17"><span class='ocrx_word' id='word_1_241' title='bbox 120 3489 257 3540; x_wconf 88' lang='lat' dir='ltr'>superscr.</span> <span class='ocrx_word' id='word_1_242' title='bbox 279 3474 424 3529; x_wconf 88' lang='lat' dir='ltr'>‘faemina’</span> <span class='ocrx_word' id='word_1_243' title='bbox 491 3476 543 3527; x_wconf 89' lang='grc'>515</span> <span class='ocrx_word' id='word_1_244' title='bbox 569 3473 679 3528; x_wconf 78' lang='lat' dir='ltr'>‘cosmi&#39;</span> <span class='ocrx_word' id='word_1_245' title='bbox 705 3474 859 3529; x_wconf 84' lang='lat' dir='ltr'>recentiore</span> <span class='ocrx_word' id='word_1_246' title='bbox 886 3489 971 3527; x_wconf 91' lang='lat' dir='ltr'>manu</span> <span class='ocrx_word' id='word_1_247' title='bbox 998 3490 1141 3543; x_wconf 85' lang='lat' dir='ltr'>superscr.</span> 
     </span>
     <span class='ocr_line' id='line_1_38' title="bbox 122 3543 543 3613; baseline 0 -16"><span class='ocrx_word' id='word_1_248' title='bbox 122 3543 236 3598; x_wconf 85' lang='lat' dir='ltr'>‘carnis’</span> <span class='ocrx_word' id='word_1_249' title='bbox 294 3551 345 3601; x_wconf 79' lang='grc'><strong>517</strong></span> <span class='ocrx_word' id='word_1_250' title='bbox 367 3543 543 3613; x_wconf 80' lang='lat' dir='ltr'>‘Gyslenum’</span> 
     </span>
    </p>
   </div>
   <div class='ocr_carea' id='block_1_6' title="bbox 0 0 1216 3976">
    <p class='ocr_par' dir='ltr' id='par_1_7' title="bbox 0 0 1216 3976">
     <span class='ocr_line' id='line_1_39' title="bbox 0 0 1216 3976; baseline 0 0"><span class='ocrx_word' id='word_1_251' title='bbox 0 0 1216 3976; x_wconf 95' lang='lat' dir='ltr'> </span> 
     </span>
    </p>
   </div>
  </div>
 </body>
</html>
