2354 3946
116 181 158 247 46
350 179 506 234 VIRGlLll
524 177 692 234 MARONIS
710 178 907 236 EPITOMAE.

116 335 299 418 iunguntur
309 337 346 397 ut
355 334 502 415 quisdam
519 337 643 415 eqouci.
672 352 704 398 se
717 331 957 397 nominatiuum
972 332 1135 417 utriusqus

116 419 242 482 numeri
271 418 388 483 habere
415 437 481 480 non
507 420 626 500 potest.
669 422 749 483 totus
775 416 959 501 genitiuum
981 417 1132 502 pluralem
1143 442 1151 481 ·.

115 525 184 568 non
206 502 304 567 habet
326 505 358 566 at
379 501 441 565 hoc
464 522 645 585 pronomen
669 506 734 581 est,
762 507 795 566 at
823 503 926 567 cuuis
946 523 1068 567 noman
1089 504 1151 567 est}

115 588 318 653 adiectiuum.
346 587 432 651 ullus
454 590 587 670 accepta
607 607 631 651 u
652 586 795 672 negandi
814 584 915 650 habat
933 587 1151 659 dicionemctl

89 671 238 735 sadieoto
270 691 335 736 uou
367 673 404 734 ut
435 671 583 736 uouuulii
614 670 733 735 multos
760 670 924 756 significat
953 675 987 736 at
1014 670 1076 736 hoc
1099 666 1151 735 inl

115 756 232 839 plurali
259 758 387 820 tanturn
415 777 551 820 numero
574 755 694 820 euenit.
739 761 852 837 quoius
880 755 968 820 sicut
990 761 1072 823 iouis
1090 756 1127 821 sic

114 841 309 926 declinatum
333 844 407 923 quot
426 861 503 904 uero
525 838 714 904 aduerbium
735 839 862 905 numeri
885 842 944 908 ast.
978 861 1063 907 uuus
1079 858 1127 925 por

115 928 269 1008 quosdam
304 925 499 1007 conponitur
531 925 650 1008 gradus
684 928 722 989 ut
753 926 910 1006 unusquis
940 928 974 989 et
1003 926 1127 990 adicitur

114 1012 329 1091 unusquisque
352 1007 504 1072 achabet
525 1010 696 1092 pluraliter
716 1010 837 1092 siuquii
858 1010 986 1092 quique.
1019 1011 1127 1076 abhinc
1146 1062 1151 1127 Ι

76 1112 101 1150 10
114 1095 223 1156 omnia
255 1094 448 1176 pronomina
480 1094 607 1158 numeri
639 1094 838 1179 singularem
864 1115 1038 1159 numerum
1068 1112 1151 1163 noc.-

113 1176 234 1241 habent
256 1181 292 1240 ut
313 1179 375 1242 duo
390 1182 461 1243 tres.
498 1178 696 1243 auctoribus
712 1178 915 1243 declinantur
929 1180 990 1244 dui
1004 1181 1129 1246 duoruu

113 1263 185 1326 iuis
213 1262 291 1326 duos
319 1284 340 1328 u
367 1263 453 1345 duis,
484 1263 530 1326 sic
559 1266 592 1326 ct
620 1265 725 1348 uuibi,
759 1264 877 1328 rectius
906 1266 1015 1328 autom
1043 1263 1130 1329 ‹lacli-

112 1350 232 1410 nantur
258 1348 320 1411 duo
347 1348 446 1412 duum
472 1347 593 1413 duobus
615 1349 693 1413 duos
714 1370 736 1414 a
758 1349 892 1429 duobus,
921 1349 969 1412 sic
991 1352 1026 1413 et
1046 1349 1131 1415 aulo

113 1431 266 1496 uubuuru
288 1432 448 1496 ambobus.
483 1431 565 1496 ulter
587 1433 719 1498 ulterius
740 1433 779 1497 da
802 1432 924 1497 duobus
947 1432 1076 1518 dicitur,
1101 1436 1132 1498 at

76 1532 101 1572 15
115 1516 255 1581 ulicruus
278 1514 316 1579 de
339 1516 575 1580 successionum
598 1517 723 1582 uicibus
745 1518 865 1582 dicitur
886 1517 969 1581 sicut
992 1518 1133 1584 Oiocro

113 1601 245 1683 uiqiiius
272 1600 379 1684 inquit
401 1601 536 1684 uqebuui
556 1601 673 1666 alterni
694 1601 757 1666 sibi
777 1603 980 1668 succedentes.
1028 1605 1084 1686 qui
1103 1606 1134 1668 at

113 1687 1133 1858 {stills§lesquilllltttlliltili-salsis&

112 1875 179 1919 non
207 1856 339 1939 debent,
368 1858 423 1920 sod
446 1856 592 1941 genitiuo
615 1856 731 1941 plurali
753 1857 805 1921 uel
827 1856 971 1921 ablatiuo
994 1857 1132 1923 ciusdem

74 1957 99 1995 20
112 1941 241 2004 numeri
270 1945 306 2005 ut
333 1942 451 2020 uliquis
472 1943 631 2006 homiuum
655 1942 722 2006 sius
744 1942 863 2022 uliquis
884 1961 922 2005 eu
943 1942 1133 2026 homiuibus,

112 2046 179 2088 non
208 2032 316 2089 antem
345 2026 463 2107 uliquis
484 2026 591 2103 laomo,
622 2024 700 2090 licet
722 2028 755 2089 et
776 2025 838 2090 hoc
859 2026 1047 2091 inuanimus
1070 2048 1134 2092 uno

113 2111 241 2172 tantum
264 2109 370 2177 modo.
407 2110 463 2189 qui
483 2110 685 2173 nominatiuo
708 2110 906 2192 adnectitur,
930 2110 1062 2194 quando
1076 2131 1133 2197 pro

111 2191 164 2257 illc
186 2192 350 2275 accipitur.
389 2193 553 2274 quaeritur
575 2215 668 2272 sane,
698 2194 775 2277 quid
803 2195 933 2260 intersit
953 2196 1042 2261 inter
1063 2217 1133 2281 pro·

111 2297 231 2339 nomen
255 2280 287 2340 et
309 2276 493 2341 articulum.
531 2278 701 2357 articulum
724 2282 774 2344 est
795 2279 857 2344 hoc
879 2280 965 2364 quod
986 2302 1056 2347 non
1073 2302 1133 2367 pro

73 2377 98 2416 2⁵
112 2361 242 2425 nomine
271 2361 326 2425 sad
355 2383 428 2425 oum
456 2362 527 2444 ipso
554 2364 686 2427 nominc
713 2364 855 2429 flectitur
882 2368 920 2429 ut
947 2366 999 2430 uu
1027 2371 1131 2450 puter,

111 2467 186 2509 nam
223 2445 395 2510 articulum
432 2450 501 2511 arte
539 2448 647 2512 minus
687 2470 755 2513 asse
795 2449 1005 2515 ostendimus.
1057 2472 1131 2516 nam

112 2534 218 2593 cetera
238 2531 432 2614 pronomina
454 2532 523 2596 sola
545 2533 756 2616 praecedente
775 2538 885 2598 tamen
900 2535 1036 2600 nomina
1058 2557 1131 2601 con·

112 2617 196 2678 stara
222 2614 388 2697 dicuntur,
415 2615 477 2683 hoa
503 2623 610 2683 autem
636 2619 705 2683 sine
731 2618 827 2704 primi
847 2619 989 2685 nominis
1012 2619 1130 2686 auxilio

82 2845 86 2851 ,
178 2790 203 2838 2.
223 2783 306 2842 Olim.
326 2800 382 2839 eur.
402 2786 432 2853 (s.
450 2789 525 2854 29b):
555 2786 635 2841 Solus
659 2803 726 2842 varo
750 2790 779 2841 et
800 2789 878 2843 totus
900 2789 1036 2858 genetivo
1053 2789 1131 2857 pluri

109 2852 231 2921 'Virgilio
248 2853 371 2906 testante
390 2853 532 2907 deficiunt
562 2854 658 2908 sedin
678 2855 851 2920 Quintiliano
869 2872 1002 2910 sonorum
1020 2857 1082 2926 (sic)
1101 2857 1131 2910 ot

111 2921 236 2976 totorum
254 2921 444 2978 inveniuntur,

181 3066 194 3112 1
214 3057 352 3125 utriusqui
369 3057 397 3110 P
408 3057 418 3125 ΙΙ
431 3061 446 3110 6
460 3074 479 3124 q
491 3060 585 3111 uostos
596 3060 650 3125 (tos
662 3075 696 3114 eu
707 3061 763 3126 tus)
776 3062 804 3115 P
816 3063 826 3131 {l
840 3067 855 3116 7
867 3058 1033 3116 adverbium
1050 3062 1092 3129 est
1101 3061 1130 3116 P

112 3142 153 3210 119
172 3143 349 3212 unusquique
366 3142 394 3196 P
406 3142 416 3210 ll
430 3147 461 3194 12
474 3158 491 3196 a
507 3142 569 3195 duis
581 3156 631 3199 om.
645 3143 680 3198 N
688 3147 698 3213 ΙΙ
711 3147 803 3201 rectit.
821 3147 862 3213 P,
881 3147 983 3200 rectius
1000 3159 1052 3200 om.
1071 3145 1105 3200 N
1114 3147 1129 3215 ΙΙ

113 3232 144 3281 13
162 3228 257 3296 ambo]
277 3228 333 3281 alio
351 3228 380 3282 P
397 3228 453 3296 l14
469 3226 539 3280 alter
557 3242 608 3282 oui.
627 3229 661 3284 N
676 3231 686 3299 ll
705 3234 762 3286 15f.
781 3217 873 3328 aliqus
897 3232 947 3283 aut
971 3218 1013 3289 all
1030 3231 1068 3302 (γ.
1082 3230 1133 3301 &p

110 3346 226 3412 ponitur
237 3347 269 3398 iu
286 3347 423 3415 uarqiuc)
446 3363 498 3401 nac
520 3325 655 3402 sibis'iice
673 3350 771 3402 dantes
782 3346 816 3400 N
828 3345 954 3411 sequitur
967 3349 990 3401 iu
1002 3349 1048 3404 hic
1060 3348 1128 3418 quid

110 3413 192 3532 §esc
210 3413 293 3497 corr.)
312 3413 425 3494 dictati}
444 3420 475 3469 16
492 3415 618 3484 virgilias
635 3416 684 3495 Pl}
700 3421 730 3469 18
748 3415 791 3480 ao]
810 3412 864 3490 lucc
881 3412 976 3480 Pura
996 3417 1128 3472 aonectit’

150 3480 159 3547 ΙΙ
172 3486 205 3534 23
222 3480 272 3533 ula
288 3480 316 3533 P
328 3482 338 3549 n
350 3487 383 3535 25
401 3500 462 3550 1pso
480 3485 564 3552 pater
580 3499 693 3538 nomme
710 3482 729 3534 f.
747 3498 774 3533 u.
792 3480 837 3530 luc
855 3478 890 3532 P.
