2422 3976
402 86 448 141 ur.
476 84 566 140 mm
589 83 617 139 0.
637 82 790 139 crsuum.
1043 68 1106 149 177

21 263 73 311 740
94 248 283 332 Umbraque
307 250 373 312 iam
398 247 500 312 maior
522 250 670 312 nostrum
695 248 872 312 concrescit
896 247 936 311 ad
959 247 1094 313 Arcton.
1127 261 1179 310 aar

93 337 174 420 Quo,
198 337 359 401 calamum
383 337 482 421 longe
505 335 582 420 quia
604 357 690 400 nunc
711 357 778 400 non
802 336 947 420 suppetit
969 336 1025 417 ire,
1122 341 1188 380 0⁰¹·²

92 425 237 490 Haereat
259 425 321 490 hic.
358 423 476 490 Chelas
501 446 573 488 cum
597 421 751 507 Scorpius
776 424 895 489 exserit
919 446 1027 506 uncas,

93 514 176 578 Tum
200 535 295 598 prece
319 511 444 576 Gisleni
468 534 563 577 cursu
586 512 716 577 tendam
741 513 867 596 leviori,

92 601 248 666 Fervidus
273 606 453 666 extremum
477 601 593 665 subeat
616 600 692 665 dum
716 599 839 667 Cancer
862 603 895 665 in
920 623 1023 668 axem.

21 830 74 879 745
93 815 260 879 Hactenus
284 835 415 878 emenso
439 813 536 877 metri
559 812 734 878 libramine
757 834 882 898 camp0,

94 902 271 987 Splendida
294 900 420 967 Gisleni
442 899 537 971 nobis
561 922 657 985 quem
679 901 749 966 vita
771 902 860 967 beati

93 991 223 1056 Extulit
245 991 280 1054 in
303 990 446 1055 medium
468 989 659 1055 meritorum
683 990 763 1055 flore
786 1012 967 1076 coruscum,

95 1079 169 1144 Stat
192 1101 304 1144 roseus
328 1080 432 1144 saltus
455 1077 525 1144 lilio
550 1081 707 1143 remante
729 1078 868 1143 refertus

94 1168 255 1253 Aspirans
279 1167 424 1252 placidas
446 1166 606 1231 virtutum
631 1167 748 1232 leniter
772 1189 877 1251 auras,

22 1272 75 1322 750
95 1256 173 1331 Quis
197 1257 307 1322 obitus
331 1256 416 1321 tanti
439 1253 565 1320 redolet
587 1277 646 1340 per
669 1256 777 1320 saecla
799 1256 939 1340 patroni.

93 1344 189 1409 Hunc
212 1346 300 1430 rapit
324 1344 473 1428 olfactus,
494 1342 581 1408 hunc
605 1344 704 1408 sentit
726 1344 868 1428 pectoris
893 1347 992 1428 actus,

94 1432 155 1497 Cui
177 1433 269 1498 iuvat
292 1433 399 1516 aptari
423 1454 522 1516 quam
546 1431 684 1497 dulciter
706 1433 804 1515 inque
827 1433 961 1515 morari,

93 1521 224 1586 Pectine
248 1542 312 1605 quo
337 1521 434 1585 metri
457 1525 566 1586 motus
590 1521 780 1604 calamoque
805 1520 934 1586 sonanti

94 1609 244 1676 Nectaris
268 1609 420 1698 immensi
443 1604 612 1674 dulcedine
634 1608 777 1694 profluat
801 1609 880 1674 orbi.

23 1714 75 1763 755
93 1698 156 1762 Η10
180 1698 288 1762 meriti
311 1699 408 1763 titulo
432 1701 608 1783 postquam
632 1719 666 1762 se
689 1696 791 1763 nectit
814 1696 956 1782 Olympo

95 1785 254 1852 Omnibus
278 1808 438 1872 apparens
462 1787 613 1852 caelestis
636 1786 791 1870 lampada
814 1786 996 1870 splendens,

94 1875 245 1960 Iungitur
267 1876 428 1961 unigenae
452 1875 584 1940 credens
608 1875 757 1940 mortalia
783 1878 899 1940 terrae.

95 1963 270 2028 Astrorum
294 1964 381 2029 cives
404 1968 560 2047 promunt
583 1963 658 2028 hinc
681 1985 811 2028 carmen
834 1965 983 2046 ovantes3

95 2051 225 2116 Instant
248 2053 413 2138 angelicae
438 2053 516 2116 meli
539 2052 749 2118 concentibus
774 2052 852 2117 alae.

24 2157 76 2206 760
96 2140 232 2206 Flamen
255 2143 302 2206 sic
327 2140 452 2224 superis
476 2144 662 2206 consertum
686 2141 831 2206 coetibus
856 2139 962 2226 almis,

95 2228 221 2313 Corpus
246 2229 448 2295 mausoleum
472 2229 594 2295 claudit
617 2228 814 2295 clamoribus
839 2233 958 2295 actum.

94 2317 261 2383 Nobilitat
282 2318 443 2403 templum
466 2318 568 2401 Petri,
592 2318 677 2403 quod
700 2319 850 2384 laudibus
874 2323 1002 2403 aptum,

95 2404 268 2471 Successus
293 2407 415 2471 multos
439 2410 574 2491 captans
596 2406 650 2472 hic
673 2408 830 2490 temporis
854 2407 964 2473 heros:

95 2495 268 2559 Accelerat
291 2495 401 2559 nullus
425 2496 615 2560 meritorum
638 2517 772 2561 noscere
796 2495 911 2578 cultus,

23 2598 75 2649 765
96 2583 262 2666 Quemque
286 2587 378 2668 tegat
400 2583 533 2647 bustum
558 2583 663 2648 funali
686 2586 773 2646 sorte
796 2584 949 2648 locatum.

95 2670 221 2735 Notum
245 2672 301 2736 sed
324 2670 446 2736 domini
470 2671 594 2735 librans
618 2671 796 2736 certamina
819 2671 904 2736 servi

95 2758 230 2825 Censuit
252 2758 423 2844 indignum
446 2758 612 2843 demptum
636 2759 813 2844 probitatis
838 2761 978 2824 amicum

167 2954 218 3004 741
234 2950 401 3006 ‘talamum'
446 2957 498 3007 742
514 2949 641 3006 ‘Heraat'
659 2949 771 3005 ‘exerit’
815 2955 866 3007 743
882 2948 1064 3006 ‘cistam’
1077 2981 1110 2990 -

93 3021 172 3075 Inter
199 3019 300 3075 folium
325 3023 457 3090 quartum
479 3024 509 3078 et
532 3021 661 3091 quintum
687 3019 805 3092 plagula
833 3021 978 3078 octonaria
1006 3021 1112 3077 inserta

96 3092 151 3158 ast,
180 3107 237 3160 qua
265 3091 397 3147 carminis
425 3093 454 3148 in
478 3093 504 3148 S.
525 3091 671 3148 Gislenum
699 3092 858 3147 continuati
885 3091 1022 3162 reliquiae
1046 3109 1111 3147 con·

94 3162 228 3219 tinentur.
248 3194 282 3203 -
303 3168 354 3218 745
374 3163 515 3220 ‘cmaetri'
533 3181 548 3220 0
568 3163 737 3219 exstinctum
792 3161 1002 3234 746111γεὶ001
1059 3167 1111 3218 747
1195 3180 1200 3188 ’

97 3233 266 3288 ‘coruscum’
293 3251 356 3289 cum
384 3237 452 3290 uota
478 3234 575 3292 omissi
600 3235 621 3289 h
694 3239 746 3289 753
766 3233 890 3289 ‘maetri'
917 3233 1109 3304 ‘kalamoque’

96 3308 148 3359 764
169 3304 311 3360 ‘inmensi’
378 3311 430 3361 755
450 3306 504 3362 ‘se’
531 3322 616 3376 supra
638 3304 744 3360 lineam
767 3304 936 3360 collocatum
961 3304 1109 3375 ‘olimpho’

96 3375 314 3475 2160‘caetibue’
362 3382 412 3431 761
425 3376 537 3432 ‘cladit'
551 3395 570 3431 u
585 3392 721 3446 superscr.
770 3382 820 3431 767
837 3375 958 3446 ‘aptum'
975 3392 1112 3445 superscr.

108 3466 129 3501 s.
150 3454 192 3501 est

150 3547 279 3599 massua,
294 3547 374 3588 vrrau
389 3557 539 3588 sauctorum.
919 3543 951 3591 12
