2354 3946
257 142 335 203 XIV.
360 141 410 197 DE
428 134 823 199 COGNOMINATIONIBUS
843 143 896 197 etc.
1043 143 1083 208 83

64 296 218 382 largibor,
234 296 302 361 alia
316 295 585 381 superaddimus,
619 294 722 360 celum
739 296 780 360 ob
796 295 859 359 hoc
875 295 937 359 dici
952 298 1083 379 putatur

63 383 132 466 quia
153 381 318 468 quaedam
339 381 426 446 intra
447 402 482 445 se
504 379 639 465 grandia
658 380 742 444 celat
761 378 903 444 archana
925 384 957 444 et
976 381 1083 463 ipsum

61 463 1083 632 mtrttfiifflttstlt⁰lztssl¹ttlplumitt⁰illl

60 635 214 720 diximus3
247 635 304 699 sed
331 635 466 700 altitudo
495 638 527 699 et
556 633 809 717 profunditatem
841 655 1084 717 nonnumquam
1109 656 1121 697 ⁵

60 720 239 807 signifieat:
261 719 336 784 deni
360 741 400 784 ue
422 721 488 784 siue
510 740 598 782 mare
614 719 681 783 siue
697 719 851 803 quidquid
866 719 951 783 infra
965 722 1084 783 terram

60 814 106 870 cst
132 805 297 889 positum,
358 808 427 869 tum
455 804 689 869 nominandum
715 806 773 872 est.
818 803 901 867 sieut
928 807 961 867 et
986 824 1085 867 senex

57 888 242 954 Donatus
264 889 386 954 obsecro
406 907 464 954 uos
485 889 577 953 ooltu'
591 889 777 971 quicumque
791 889 878 968 estis,
900 890 1027 953 emittite
1041 889 1086 952 od

58 994 105 1040 me
124 975 225 1040 solem
246 975 283 1038 iu
304 977 391 1039 terro
412 969 511 1039 lucere
526 973 609 1038 diem
618 975 768 1055 protinus
782 974 966 1038 allaturum.
998 977 1084 1037 terra

58 1059 98 1123 ob
120 1059 188 1123 hoo
210 1058 329 1122 dicitur
344 1058 419 1141 quia
433 1057 601 1122 hominum
616 1058 752 1141 pedibus
766 1059 891 1121 teritur.
920 1058 976 1121 sed
990 1056 1085 1121 aliter
1097 1074 1122 1115 10

58 1144 159 1227 igitur
187 1164 231 1208 ru
259 1141 392 1226 dicitur,
421 1143 525 1226 primo
554 1141 638 1226 quod
667 1163 706 1205 ex
736 1164 773 1206 ea
794 1142 972 1221 nascimur,
1000 1142 1084 1207 unde

59 1233 145 1292 etex
160 1227 370 1292 humohumo
391 1226 509 1291 dicitur
530 1227 705 1290 secundum
728 1227 813 1310 quod
837 1228 904 1291 eius
926 1227 1084 1291 fructibus

59 1312 176 1377 alimur
188 1333 227 1376 aa
238 1331 428 1376 recreamur.
450 1311 547 1376 tertio
564 1312 648 1394 quod
661 1311 697 1374 in
709 1332 778 1375 eam
792 1311 878 1376 loeto
890 1311 986 1375 soluti
996 1312 1086 1376 uelut

58 1398 91 1461 in
122 1397 243 1461 matris
273 1395 403 1460 uuluam
430 1395 641 1463 recondimur.
686 1417 775 1462 cuore
803 1396 843 1460 ab
872 1395 1084 1461 amaritudine

58 1481 188 1564 dicitur,
210 1480 253 1545 ab
274 1478 410 1545 Hebreis
433 1502 589 1564 aquarum
605 1479 766 1545 collectus.
799 1482 845 1546 sol
864 1480 988 1563 dicitur,
1010 1482 1085 1564 quia
1099 1507 1123 1547 15

126 1721 152 1770 1.
175 1714 294 1794 quue.
316 1716 392 1770 Med.
416 1717 462 1784 (cf.
481 1717 612 1785 append.)
643 1715 759 1772 Caelum
782 1717 885 1770 dicitur
909 1715 976 1794 quia
998 1731 1083 1782 quac-

57 1783 124 1839 dam
142 1783 268 1854 grandia
286 1783 409 1838 archana
426 1784 527 1839 caelat
553 1784 784 1854 philosophorum
801 1783 963 1853 peritisermi
981 1783 1085 1837 vocant

56 1850 147 1905 altum
180 1850 294 1905 caelum
325 1852 358 1904 ut
384 1851 504 1906 diximus
531 1852 581 1906 sed
607 1852 786 1906 altitudinem
816 1852 845 1907 et
870 1881 902 1890 -
929 1865 1085 1918 numquam

56 1918 224 1989 significant
246 1917 369 1987 denique
391 1935 523 1974 mare-
544 1921 707 1974 nominatur
728 1920 801 1972 sicut
822 1933 907 1972 senex
929 1917 1022 1971 donon
1040 1917 1084 1970 in-

56 2000 156 2041 menso
178 1984 277 2039 dolore
300 1988 448 2055 superatus
466 1987 594 2056 corporei
610 1988 679 2042 mali
695 1988 807 2041 noctem
825 1987 903 2041 velut
917 1985 1084 2054 longissima

56 2053 209 2109 matidiam
232 2053 374 2108 susfinens
395 2070 428 2109 uc
451 2053 534 2109 solito
557 2054 755 2124 lanquentium
778 2069 856 2108 more
874 2053 949 2108 diem
968 2053 1083 2107 evenire

57 2121 228 2200 desiderans
250 2121 398 2189 tamquam
421 2121 445 2176 si
467 2121 575 2190 aliquid
597 2122 707 2191 requiei
724 2123 837 2191 corpori
854 2122 929 2176 foret
946 2121 1084 2176 allaturus

57 2189 110 2243 mh
148 2187 322 2242 raecabatur
338 2189 436 2245 modo:
460 2189 576 2244 obsecro
593 2219 627 2229 —
646 2189 768 2258 intra(?)
792 2190 886 2245 lucere
904 2221 938 2229 —
955 2191 1032 2243 terre
1050 2203 1083 2243 eo

56 2205 414 2394 mu„
445 2257 787 2380 nectareum
809 2259 877 2326 ‘1²²³st
895 2275 928 2312 η
945 2257 1084 2379 aaut

57 2407 137 2447 rates
158 2390 303 2468 dicuntur.
337 2392 386 2471 ter
409 2343 498 2471 igitur
520 2341 650 2447 -Punde
674 2408 709 2446 ex
730 2422 764 2432 —
783 2341 1008 2469 idddndldaduia·
1023 2392 1083 2445 eius

57 2459 169 2513 fruetm
192 2457 296 2511 alimur
318 2459 405 2514 tortio
428 2475 496 2528 qma
516 2477 546 2513 m
565 2476 628 2513 eam
645 2459 722 2513 laeto
740 2461 826 2514 soluti
843 2492 876 2501 -
893 2461 1081 2515 recondimur.

59 2534 99 2585 11.
123 2526 197 2580 aoid.
232 2525 311 2580 llere
338 2527 375 2580 ab
402 2527 589 2582 amaritudine
616 2526 720 2581 dieitur
747 2530 784 2582 ab
810 2527 924 2583 hebreis
946 2543 1084 2596 aquarum

58 2593 211 2659 collectus,
230 2608 249 2646 a
264 2592 441 2663 philosophis
458 2611 493 2648 ex
512 2595 620 2648 duobus
632 2595 811 2662 componitur
823 2597 904 2651 velut
915 2611 1084 2666 magnares,

57 2662 130 2716 nulli
147 2659 312 2715 mortalium
328 2663 406 2716 nota.
432 2662 516 2716 stella
532 2663 567 2716 de
579 2661 726 2727 stillando,
745 2666 822 2718 aetra
834 2664 870 2718 de
882 2664 1038 2719 variaetate
1052 2693 1083 2702 -

58 2731 128 2783 ritus
152 2728 190 2783 de
213 2728 270 2807 aito
293 2728 403 2783 altiore.
438 2731 554 2784 volucer
577 2746 595 2784 a
617 2729 783 2798 velocitate,
807 2733 867 2785 avis
888 2732 923 2785 ab
942 2732 1013 2786 aviis
1030 2729 1084 2783 hoc

58 2798 101 2852 est
117 2796 241 2851 desertrs
258 2795 344 2863 locis,
364 2795 457 2852 bestia
474 2797 510 2851 de
528 2798 598 2852 besu
610 2798 663 2853 hoc
676 2798 720 2851 est
730 2797 887 2858 ferocitate.
923 2800 1008 2854 belua
1024 2812 1084 2850 ma·

58 2865 120 2920 rina
142 2864 264 2930 dicitur,
290 2864 340 2919 bel
362 2864 439 2918 onim
464 2881 542 2920 mere
565 2881 583 2919 a
603 2865 779 2935 philosophis
802 2869 929 2922 vocatur.
964 2880 1028 2921 caro
1050 2898 1084 2907 -

124 3076 140 3124 1
160 3067 402 3138 superadditum
419 3069 459 3136 (u⁸
471 3068 550 3136 corr.)
568 3067 603 3122 N
611 3069 622 3137 ss
635 3067 736 3135 celum]
755 3069 787 3121 iu
804 3083 866 3122 mor
885 3108 890 3119 .
910 3065 988 3119 caelu
1008 3064 1082 3118 unde

55 3136 86 3191 d?
102 3138 140 3192 N
152 3139 201 3207 14
223 3134 388 3190 obtitudiue
411 3151 462 3189 sua
482 3136 540 3204 ΝΙΙ
558 3136 660 3206 altum]
684 3136 716 3189 iu
737 3151 823 3204 mare.
875 3132 967 3186 titudo
990 3131 1024 3186 N
1037 3133 1083 3201 118

54 3206 153 3261 &terra
169 3204 208 3261 N
217 3205 258 3273 119
275 3204 357 3258 terra
374 3219 462 3270 quare
475 3203 509 3256 di
519 3205 551 3258 iu
567 3220 653 3273 maru.
671 3202 705 3257 N
714 3205 723 3272 l
739 3209 769 3256 10
786 3201 903 3254 territur
917 3200 952 3253 N
961 3200 971 3268 ΙΙ
984 3200 1078 3268 aliter]

54 3308 93 3361 ter
108 3308 146 3364 N
158 3309 171 3378 l
185 3312 218 3361 11
238 3273 346 3361 uiuendo
364 3302 399 3357 N
412 3305 423 3373 l
438 3305 472 3358 iu
487 3321 575 3375 mure.
591 3305 675 3359 homo
694 3320 728 3357 ex
746 3303 831 3356 humo
849 3302 883 3357 N
896 3303 906 3370 ΙΙ
920 3307 951 3355 13
969 3299 1082 3379 terticio

53 3374 82 3429 N
112 3393 149 3432 ea
165 3374 206 3431 N
212 3376 224 3446 l
236 3374 336 3429 solutu
350 3371 386 3427 N
393 3372 405 3441 l
419 3377 450 3426 14
463 3389 541 3428 mare
560 3372 595 3427 ab
614 3388 638 3426 a
650 3387 702 3426 ocu.
715 3371 749 3424 N
759 3371 769 3438 ΙΙ
783 3376 815 3424 15
833 3370 967 3424 collectus
979 3368 1083 3422 dicitur

53 3442 81 3497 N
110 3445 167 3517 sol]
187 3445 222 3501 iu
240 3457 333 3512 mara.
354 3438 397 3495 sol
415 3446 520 3508 quare?
866 3524 881 3557 *

844 3530 859 3578 6
