2354 3946
127 189 169 254 88
406 188 466 243 VIL
495 187 621 244 PASSIO
641 189 669 245 S.
688 187 861 245 aarum.

126 350 254 417 Olarior
277 356 325 436 at,
348 374 432 437 puro
454 351 531 416 fidei
554 352 631 417 dum
653 351 758 417 ferret
779 372 900 436 amore,
924 387 969 399 -

72 457 107 507 ⁶0
126 441 229 506 Fonte
254 463 346 506 sacro
371 441 511 506 tinctum
535 440 655 524 pellem
678 444 805 505 mutare
827 439 957 506 videres

125 530 323 615 Aethiopem
346 530 435 595 velut
458 551 495 594 ao
518 529 632 594 florem
656 528 695 594 dc
717 528 872 614 vepribus
896 533 1011 596 ortum
1034 568 1083 580 -

126 618 266 683 Gentilis
290 619 416 703 populi,
439 640 536 703 quem
558 616 690 683 nomine
712 617 936 703 Rogatianum

125 708 201 772 Rite
224 729 309 772 novo
332 728 486 772 resonare
510 707 619 790 placet
641 706 771 771 deitatis
795 707 947 773 amicum.

126 796 173 860 At
197 798 335 860 coniunx
359 797 428 861 eius
452 794 551 860 simili
574 795 702 860 ratione
724 798 852 879 renata,

74 901 107 951 55
126 884 262 969 Egregii
286 883 414 970 generis
438 884 563 968 mulier,
587 905 683 968 quam
706 882 811 948 Roma
834 883 976 968 superbo

128 971 292 1057 Sanguine
315 972 503 1057 progenuit,
528 993 611 1055 quae
635 970 811 1047 Quintiana
833 970 937 1057 priori

126 1060 268 1125 Nomine
292 1060 378 1124 diota
400 1059 478 1144 fuit,
502 1061 620 1124 melior
642 1060 699 1124 sed
723 1059 816 1144 origo
839 1060 973 1125 vocarit

126 1147 361 1231 Euphrasiam,
385 1148 460 1232 qnia
483 1148 597 1232 lingua
620 1148 715 1213 bonis
738 1148 880 1213 fruitura
902 1149 1045 1233 loquelis

126 1235 219 1300 Illius
244 1234 412 1300 Christum
435 1235 602 1300 dominum
625 1236 691 1301 iam
715 1238 801 1302 laeta
823 1238 954 1304 fatetur.

74 1343 108 1393 oo
128 1323 216 1400 Quos
241 1327 373 1389 sanctus
396 1324 528 1408 praesul
551 1324 701 1390 refovens
725 1330 1050 1411 supramemoratus

127 1413 245 1479 Abluit
268 1413 302 1477 in
325 1415 425 1478 sacris
449 1413 571 1478 hilares
594 1413 805 1498 baptismatis
828 1413 933 1478 undis.

234 1587 290 1643 Ubi
308 1606 360 1659 pro
379 1605 421 1658 ao,
439 1589 515 1658 quod
534 1589 628 1643 essent
646 1588 765 1656 steriles,
786 1589 882 1643 votum
900 1587 1039 1644 lecerunt.

128 1697 236 1762 Prolis
261 1699 365 1764 adhuc
389 1697 517 1764 steriles
540 1697 723 1763 fundebant
746 1697 823 1761 vota
846 1699 1019 1780 precantes
1157 1716 1169 1755 ι.

128 1787 217 1851 Ante
240 1789 329 1871 pium
353 1788 481 1852 vultum
503 1786 655 1871 pastoris,
679 1807 742 1869 quo
765 1806 859 1868 prece
882 1784 990 1849 multa
1103 1835 1108 1847 .

128 1873 291 1940 Flecteret
305 1876 532 1953 altithronum,
546 1875 603 1959 qui
616 1896 693 1940 mox
707 1874 796 1938 valet
810 1873 843 1937 id
857 1873 943 1956 dare,
959 1877 1050 1958 quod
1064 1876 1141 1941 vult

76 1980 110 2030 65
127 1963 168 2028 In
192 1963 310 2049 quibus
333 1965 508 2049 impatiens
532 1986 624 2028 amor
647 1966 776 2028 aestuat
798 1961 855 2026 ille
879 1962 1010 2049 quietis,

128 2053 173 2116 Et
197 2053 274 2117 dum
297 2056 410 2117 tantus
434 2074 488 2117 cos
512 2052 623 2117 nimiis
647 2051 827 2118 adfectibus
851 2054 941 2134 urat,

129 2140 267 2205 Praedia
289 2162 348 2225 pro
372 2144 458 2224 voto,
482 2162 564 2223 quae
588 2140 733 2205 Reiteste
757 2141 893 2222 cientur,

130 2227 213 2293 Caro
237 2228 306 2292 viro
331 2231 444 2292 sancto
470 2249 597 2310 semper
620 2227 795 2294 traduntur
817 2227 976 2293 habenda.
1093 2226 1097 2233 ’

232 2399 288 2454 Ubi
307 2401 420 2453 sanctus
438 2397 584 2469 Remigius
603 2397 771 2470 petitionem
790 2418 887 2456 eorum
905 2402 1038 2472 suscepit.

130 2510 195 2575 Ast
218 2509 275 2574 ubi
298 2508 347 2574 vir
370 2509 494 2574 domini
516 2531 585 2574 rem
609 2511 781 2594 comperit,
804 2510 945 2595 impiger
969 2511 1029 2575 olli

78 2617 111 2666 70
131 2597 265 2674 Quaerit
289 2599 375 2682 apud
399 2600 566 2664 dominum
589 2599 669 2665 totis
693 2602 810 2684 optata
832 2599 995 2682 medullis,

131 2686 220 2763 Quae
243 2687 309 2752 cito
331 2688 512 2771 promeruit
535 2689 649 2754 donari
673 2688 809 2754 caelitus
832 2688 908 2752 illis.

130 2775 277 2861 Angelus
301 2775 363 2840 hoc
386 2777 460 2842 visu
482 2799 559 2841 mox
582 2779 712 2843 nuntiat
735 2798 805 2842 esse
828 2777 984 2842 futurum.

130 2863 278 2947 Denique
301 2863 459 2930 laetificat
482 2865 613 2930 suboles
636 2868 794 2949 concepta
816 2869 987 2949 parentum

130 2951 278 3034 Viscera,
302 2953 379 3036 quin
401 2952 511 3036 potius
534 2952 612 3017 felix
636 2954 711 3018 dum
734 2953 886 3018 funderet
908 2952 1002 3018 alvus

79 3056 112 3106 ⁷5
132 3038 290 3123 Optatum
313 3061 450 3125 puerum
473 3039 553 3103 iusti
577 3042 768 3125 quandoque
791 3046 947 3106 tenacem.

132 3126 159 3193 Ο
183 3128 354 3212 quisquam
378 3128 500 3193 referat
522 3128 668 3214 facunde,
692 3129 799 3212 gloria
822 3151 982 3212 quaenam

203 3343 236 3390 53
258 3336 379 3391 ‘ditatis'
437 3341 471 3390 58
492 3335 671 3391 ‘Eufrasiam’
724 3343 758 3391 63
779 3337 904 3406 ‘praece'
969 3344 1004 3393 66
1024 3339 1141 3395 ‘tantus'

132 3408 255 3464 secunda
272 3424 357 3461 manu
376 3423 511 3476 superscr.
526 3407 626 3460 ‘amor’
649 3407 820 3461 ‘affectibus'
868 3412 900 3460 67
918 3408 970 3460 ‘rei
989 3411 1062 3464 teste’
1111 3417 1144 3465 69

133 3477 207 3534 ‘olli'
228 3482 281 3533 sec.
301 3494 337 3530 m.
358 3494 491 3548 supersor.
513 3477 602 3532 ‘tunc’
660 3478 845 3534 ‘13‘soboles'
903 3481 935 3530 75
955 3475 1036 3532 ‘iusti
1058 3498 1144 3550 quan·

133 3550 235 3620 doque’
257 3565 311 3605 soc.
329 3566 366 3604 rn.
387 3565 522 3620 supersor.
543 3547 691 3604 ‘iustitiae'
712 3551 742 3602 et
762 3548 861 3603 ‘futuri
878 3548 1018 3612 tempora’
