<?xml version="1.0" encoding="UTF-8"?>
<!DOCTYPE html PUBLIC "-//W3C//DTD XHTML 1.0 Transitional//EN"
    "http://www.w3.org/TR/xhtml1/DTD/xhtml1-transitional.dtd">
<html xmlns="http://www.w3.org/1999/xhtml" xml:lang="en" lang="en">
 <head>
  <title>
</title>
<meta http-equiv="Content-Type" content="text/html;charset=utf-8" />
  <meta name='ocr-system' content='tesseract 3.04.00' />
  <meta name='ocr-capabilities' content='ocr_page ocr_carea ocr_par ocr_line ocrx_word'/>
</head>
<body>
  <div class='ocr_page' id='page_1' title='image "./grammaticiopera00virggoog_0351.png"; bbox 0 0 2354 3946; ppageno 0'>
   <div class='ocr_carea' id='block_1_1' title="bbox 105 175 837 247">
    <p class='ocr_par' dir='ltr' id='par_1_1' title="bbox 105 175 837 247">
     <span class='ocr_line' id='line_1_1' title="bbox 105 175 837 247; baseline -0.019 0"><span class='ocrx_word' id='word_1_1' title='bbox 105 181 167 247; x_wconf 87' lang='lat'>118</span> <span class='ocrx_word' id='word_1_2' title='bbox 383 178 443 235; x_wconf 76' lang='lat' dir='ltr'>Vll</span> <span class='ocrx_word' id='word_1_3' title='bbox 471 175 598 234; x_wconf 76' lang='lat' dir='ltr'>PASSIO</span> <span class='ocrx_word' id='word_1_4' title='bbox 617 176 644 232; x_wconf 82' lang='lat' dir='ltr'>S.</span> <span class='ocrx_word' id='word_1_5' title='bbox 663 176 837 233; x_wconf 71' lang='lat' dir='ltr'>nanuum</span> 
     </span>
    </p>
   </div>
   <div class='ocr_carea' id='block_1_2' title="bbox 58 339 1163 2638">
    <p class='ocr_par' dir='ltr' id='par_1_2' title="bbox 102 339 971 498">
     <span class='ocr_line' id='line_1_2' title="bbox 102 339 971 426; baseline -0.003 -17"><span class='ocrx_word' id='word_1_6' title='bbox 102 344 276 426; x_wconf 83' lang='lat' dir='ltr'>Messores,</span> <span class='ocrx_word' id='word_1_7' title='bbox 299 342 375 406; x_wconf 87' lang='lat' dir='ltr'>dum</span> <span class='ocrx_word' id='word_1_8' title='bbox 400 340 557 406; x_wconf 90' lang='lat' dir='ltr'>sollicitat</span> <span class='ocrx_word' id='word_1_9' title='bbox 580 339 675 404; x_wconf 86' lang='lat' dir='ltr'>labor</span> <span class='ocrx_word' id='word_1_10' title='bbox 697 339 869 423; x_wconf 90' lang='lat' dir='ltr'>improbus</span> <span class='ocrx_word' id='word_1_11' title='bbox 892 341 971 408; x_wconf 92' lang='lat' dir='ltr'>illos</span> 
     </span>
     <span class='ocr_line' id='line_1_3' title="bbox 102 427 828 498; baseline -0.006 0"><span class='ocrx_word' id='word_1_12' title='bbox 102 434 147 498; x_wconf 87' lang='lat' dir='ltr'>Et</span> <span class='ocrx_word' id='word_1_13' title='bbox 171 433 276 498; x_wconf 89' lang='lat' dir='ltr'>salsus</span> <span class='ocrx_word' id='word_1_14' title='bbox 302 432 400 496; x_wconf 83' lang='lat' dir='ltr'>sudor</span> <span class='ocrx_word' id='word_1_15' title='bbox 422 430 562 494; x_wconf 86' lang='lat' dir='ltr'>nudatos</span> <span class='ocrx_word' id='word_1_16' title='bbox 585 427 705 492; x_wconf 89' lang='lat' dir='ltr'>imbuit</span> <span class='ocrx_word' id='word_1_17' title='bbox 728 432 828 494; x_wconf 89' lang='lat' dir='ltr'>artus.</span> 
     </span>
    </p>

    <p class='ocr_par' dir='ltr' id='par_1_3' title="bbox 102 516 955 694">
     <span class='ocr_line' id='line_1_4' title="bbox 103 516 955 603; baseline -0.005 -16"><span class='ocrx_word' id='word_1_18' title='bbox 103 523 201 587; x_wconf 87' lang='lat' dir='ltr'>Libra</span> <span class='ocrx_word' id='word_1_19' title='bbox 225 521 341 586; x_wconf 86' lang='lat' dir='ltr'>dehinc</span> <span class='ocrx_word' id='word_1_20' title='bbox 364 519 450 584; x_wconf 89' lang='lat' dir='ltr'>soles</span> <span class='ocrx_word' id='word_1_21' title='bbox 474 516 621 583; x_wconf 88' lang='lat' dir='ltr'>autumni</span> <span class='ocrx_word' id='word_1_22' title='bbox 643 517 795 583; x_wconf 90' lang='lat' dir='ltr'>noctibus</span> <span class='ocrx_word' id='word_1_23' title='bbox 820 522 955 603; x_wconf 85' lang='lat' dir='ltr'>aequat,</span> 
     </span>
     <span class='ocr_line' id='line_1_5' title="bbox 102 605 930 694; baseline -0.005 -18"><span class='ocrx_word' id='word_1_24' title='bbox 102 611 226 676; x_wconf 90' lang='lat' dir='ltr'>Arietis</span> <span class='ocrx_word' id='word_1_25' title='bbox 251 613 287 674; x_wconf 96' lang='lat' dir='ltr'>ut</span> <span class='ocrx_word' id='word_1_26' title='bbox 311 609 405 694; x_wconf 83' lang='lat' dir='ltr'>signo</span> <span class='ocrx_word' id='word_1_27' title='bbox 428 606 468 671; x_wconf 90' lang='lat' dir='ltr'>fit</span> <span class='ocrx_word' id='word_1_28' title='bbox 490 628 604 671; x_wconf 89' lang='lat' dir='ltr'>rursus</span> <span class='ocrx_word' id='word_1_29' title='bbox 627 605 708 671; x_wconf 87' lang='lat' dir='ltr'>hacc</span> <span class='ocrx_word' id='word_1_30' title='bbox 731 605 845 671; x_wconf 85' lang='lat' dir='ltr'>eadem</span> <span class='ocrx_word' id='word_1_31' title='bbox 867 629 930 672; x_wconf 87' lang='lat' dir='ltr'>res.</span> 
     </span>
    </p>

    <p class='ocr_par' dir='ltr' id='par_1_4' title="bbox 58 693 996 1134">
     <span class='ocr_line' id='line_1_6' title="bbox 58 693 939 764; baseline -0.005 0"><span class='ocrx_word' id='word_1_32' title='bbox 58 716 83 764; x_wconf 76' lang='grc' dir='ltr'>ιο</span> <span class='ocrx_word' id='word_1_33' title='bbox 102 700 245 764; x_wconf 82' lang='lat' dir='ltr'>Tandem</span> <span class='ocrx_word' id='word_1_34' title='bbox 270 696 451 762; x_wconf 78' lang='lat' dir='ltr'><strong>solstitium</strong></span> <span class='ocrx_word' id='word_1_35' title='bbox 475 693 633 760; x_wconf 89' lang='lat' dir='ltr'>brumalis</span> <span class='ocrx_word' id='word_1_36' title='bbox 656 717 738 760; x_wconf 84' lang='lat' dir='ltr'>zona</span> <span class='ocrx_word' id='word_1_37' title='bbox 761 694 939 761; x_wconf 88' lang='lat' dir='ltr'>secundum</span> 
     </span>
     <span class='ocr_line' id='line_1_7' title="bbox 101 782 929 873; baseline -0.004 -21"><span class='ocrx_word' id='word_1_38' title='bbox 101 787 269 873; x_wconf 89' lang='lat' dir='ltr'>Imprimit</span> <span class='ocrx_word' id='word_1_39' title='bbox 292 808 330 851; x_wconf 89' lang='lat' dir='ltr'>ac</span> <span class='ocrx_word' id='word_1_40' title='bbox 353 785 466 870; x_wconf 81' lang='lat' dir='ltr'>pigros</span> <span class='ocrx_word' id='word_1_41' title='bbox 488 782 673 848; x_wconf 88' lang='lat' dir='ltr'>Vulcanum</span> <span class='ocrx_word' id='word_1_42' title='bbox 697 784 814 849; x_wconf 86' lang='lat' dir='ltr'>suadet</span> <span class='ocrx_word' id='word_1_43' title='bbox 838 783 929 849; x_wconf 83' lang='lat' dir='ltr'>adire</span> 
     </span>
     <span class='ocr_line' id='line_1_8' title="bbox 102 871 982 961; baseline 0 -21"><span class='ocrx_word' id='word_1_44' title='bbox 102 876 249 961; x_wconf 81' lang='lat' dir='ltr'>Frigoris</span> <span class='ocrx_word' id='word_1_45' title='bbox 274 874 444 958; x_wconf 73' lang='lat' dir='ltr'>asperitas,</span> <span class='ocrx_word' id='word_1_46' title='bbox 468 873 586 958; x_wconf 90' lang='lat' dir='ltr'>quibus</span> <span class='ocrx_word' id='word_1_47' title='bbox 609 871 802 937; x_wconf 87' lang='lat' dir='ltr'>illecebrosa</span> <span class='ocrx_word' id='word_1_48' title='bbox 825 873 982 958; x_wconf 84' lang='lat' dir='ltr'>voluptas</span> 
     </span>
     <span class='ocr_line' id='line_1_9' title="bbox 101 961 935 1045; baseline -0.001 -16"><span class='ocrx_word' id='word_1_49' title='bbox 101 964 276 1029; x_wconf 90' lang='lat' dir='ltr'>Blanditur</span> <span class='ocrx_word' id='word_1_50' title='bbox 299 962 512 1045; x_wconf 88' lang='lat' dir='ltr'>Bacchusque</span> <span class='ocrx_word' id='word_1_51' title='bbox 537 961 659 1044; x_wconf 87' lang='lat' dir='ltr'>placet,</span> <span class='ocrx_word' id='word_1_52' title='bbox 682 961 788 1026; x_wconf 84' lang='lat' dir='ltr'>virtus</span> <span class='ocrx_word' id='word_1_53' title='bbox 812 962 935 1028; x_wconf 84' lang='lat' dir='ltr'>odiosa</span> 
     </span>
     <span class='ocr_line' id='line_1_10' title="bbox 101 1049 996 1134; baseline 0.001 -17"><span class='ocrx_word' id='word_1_54' title='bbox 101 1053 272 1117; x_wconf 88' lang='lat' dir='ltr'>Postremo</span> <span class='ocrx_word' id='word_1_55' title='bbox 297 1072 455 1114; x_wconf 90' lang='lat' dir='ltr'>summam</span> <span class='ocrx_word' id='word_1_56' title='bbox 480 1049 633 1113; x_wconf 83' lang='lat' dir='ltr'>claudens</span> <span class='ocrx_word' id='word_1_57' title='bbox 658 1050 858 1116; x_wconf 73' lang='lat' dir='ltr'>antarcticus</span> <span class='ocrx_word' id='word_1_58' title='bbox 882 1051 996 1134; x_wconf 77' lang='lat' dir='ltr'>explet</span> 
     </span>
    </p>

    <p class='ocr_par' dir='ltr' id='par_1_5' title="bbox 58 1138 1077 1489">
     <span class='ocr_line' id='line_1_11' title="bbox 58 1138 1077 1222; baseline 0.004 -18"><span class='ocrx_word' id='word_1_59' title='bbox 58 1158 82 1206; x_wconf 74' lang='lat' dir='ltr'>lo</span> <span class='ocrx_word' id='word_1_60' title='bbox 102 1138 263 1222; x_wconf 79' lang='lat' dir='ltr'>Circulus3</span> <span class='ocrx_word' id='word_1_61' title='bbox 292 1138 377 1201; x_wconf 93' lang='lat' dir='ltr'>hunc</span> <span class='ocrx_word' id='word_1_62' title='bbox 402 1138 508 1219; x_wconf 88' lang='lat' dir='ltr'>superi</span> <span class='ocrx_word' id='word_1_63' title='bbox 532 1159 612 1219; x_wconf 91' lang='lat' dir='ltr'>non,</span> <span class='ocrx_word' id='word_1_64' title='bbox 636 1138 693 1202; x_wconf 88' lang='lat' dir='ltr'>sed</span> <span class='ocrx_word' id='word_1_65' title='bbox 717 1139 927 1222; x_wconf 87' lang='lat' dir='ltr'>speculantur</span> <span class='ocrx_word' id='word_1_66' title='bbox 950 1141 986 1205; x_wconf 91' lang='lat' dir='ltr'>in</span> <span class='ocrx_word' id='word_1_67' title='bbox 1009 1141 1077 1208; x_wconf 93' lang='lat' dir='ltr'>imo</span> 
     </span>
     <span class='ocr_line' id='line_1_12' title="bbox 101 1224 982 1309; baseline 0.003 -18"><span class='ocrx_word' id='word_1_68' title='bbox 101 1227 291 1309; x_wconf 89' lang='lat' dir='ltr'>Autipodes,</span> <span class='ocrx_word' id='word_1_69' title='bbox 317 1225 402 1309; x_wconf 90' lang='lat' dir='ltr'>quod</span> <span class='ocrx_word' id='word_1_70' title='bbox 426 1224 611 1289; x_wconf 85' lang='lat' dir='ltr'>Macrobius</span> <span class='ocrx_word' id='word_1_71' title='bbox 635 1226 699 1291; x_wconf 91' lang='lat' dir='ltr'>tibi</span> <span class='ocrx_word' id='word_1_72' title='bbox 721 1227 843 1292; x_wconf 89' lang='lat' dir='ltr'>nobilis</span> <span class='ocrx_word' id='word_1_73' title='bbox 866 1232 982 1294; x_wconf 79' lang='lat' dir='ltr'>auctor</span> 
     </span>
     <span class='ocr_line' id='line_1_13' title="bbox 100 1312 958 1401; baseline 0.002 -20"><span class='ocrx_word' id='word_1_74' title='bbox 100 1316 254 1398; x_wconf 81' lang='lat' dir='ltr'>Explicat</span> <span class='ocrx_word' id='word_1_75' title='bbox 277 1314 409 1379; x_wconf 88' lang='lat' dir='ltr'>uberius</span> <span class='ocrx_word' id='word_1_76' title='bbox 433 1312 618 1397; x_wconf 86' lang='lat' dir='ltr'>Scipionem</span> <span class='ocrx_word' id='word_1_77' title='bbox 643 1320 786 1400; x_wconf 88' lang='lat' dir='ltr'>syrmate</span> <span class='ocrx_word' id='word_1_78' title='bbox 808 1315 958 1401; x_wconf 90' lang='lat' dir='ltr'>planans.</span> 
     </span>
     <span class='ocr_line' id='line_1_14' title="bbox 103 1404 917 1489; baseline -0.001 -19"><span class='ocrx_word' id='word_1_79' title='bbox 103 1405 146 1470; x_wconf 79' lang='lat' dir='ltr'>nt</span> <span class='ocrx_word' id='word_1_80' title='bbox 170 1404 219 1470; x_wconf 93' lang='lat' dir='ltr'>sol</span> <span class='ocrx_word' id='word_1_81' title='bbox 242 1404 403 1469; x_wconf 85' lang='lat' dir='ltr'>sideribus</span> <span class='ocrx_word' id='word_1_82' title='bbox 427 1425 501 1467; x_wconf 87' lang='lat' dir='ltr'>cum</span> <span class='ocrx_word' id='word_1_83' title='bbox 525 1425 582 1467; x_wconf 90' lang='lat' dir='ltr'>sex</span> <span class='ocrx_word' id='word_1_84' title='bbox 606 1405 776 1469; x_wconf 86' lang='lat' dir='ltr'>conamine</span> <span class='ocrx_word' id='word_1_85' title='bbox 799 1409 917 1489; x_wconf 87' lang='lat' dir='ltr'>certat,</span> 
     </span>
    </p>

    <p class='ocr_par' dir='ltr' id='par_1_6' title="bbox 101 1492 963 1579">
     <span class='ocr_line' id='line_1_15' title="bbox 101 1492 963 1579; baseline 0 -21"><span class='ocrx_word' id='word_1_86' title='bbox 101 1494 239 1560; x_wconf 89' lang='lat' dir='ltr'>Zodiaco</span> <span class='ocrx_word' id='word_1_87' title='bbox 263 1492 396 1578; x_wconf 89' lang='lat' dir='ltr'>rapidus</span> <span class='ocrx_word' id='word_1_88' title='bbox 420 1493 552 1577; x_wconf 90' lang='lat' dir='ltr'>plenum</span> <span class='ocrx_word' id='word_1_89' title='bbox 576 1492 652 1557; x_wconf 89' lang='lat' dir='ltr'>dum</span> <span class='ocrx_word' id='word_1_90' title='bbox 675 1493 804 1577; x_wconf 91' lang='lat' dir='ltr'>perficit</span> <span class='ocrx_word' id='word_1_91' title='bbox 828 1515 963 1579; x_wconf 90' lang='lat' dir='ltr'>annum,</span> 
     </span>
    </p>

    <p class='ocr_par' dir='ltr' id='par_1_7' title="bbox 58 1581 1163 2021">
     <span class='ocr_line' id='line_1_16' title="bbox 58 1581 1045 1668; baseline 0.005 -22"><span class='ocrx_word' id='word_1_92' title='bbox 58 1601 81 1648; x_wconf 65' lang='grc' dir='ltr'>’,ο</span> <span class='ocrx_word' id='word_1_93' title='bbox 102 1582 191 1659; x_wconf 78' lang='lat' dir='ltr'>Quae</span> <span class='ocrx_word' id='word_1_94' title='bbox 215 1583 304 1668; x_wconf 89' lang='lat' dir='ltr'>rapit</span> <span class='ocrx_word' id='word_1_95' title='bbox 326 1582 361 1646; x_wconf 94' lang='lat' dir='ltr'>in</span> <span class='ocrx_word' id='word_1_96' title='bbox 383 1603 536 1667; x_wconf 89' lang='lat' dir='ltr'>praeceps</span> <span class='ocrx_word' id='word_1_97' title='bbox 561 1603 670 1646; x_wconf 89' lang='lat' dir='ltr'>secum</span> <span class='ocrx_word' id='word_1_98' title='bbox 693 1581 850 1647; x_wconf 87' lang='lat' dir='ltr'>violentia</span> <span class='ocrx_word' id='word_1_99' title='bbox 873 1583 1045 1666; x_wconf 87' lang='lat' dir='ltr'>sphaerae.</span> 
     </span>
     <span class='ocr_line' id='line_1_17' title="bbox 103 1669 1163 1756; baseline -0.004 -19"><span class='ocrx_word' id='word_1_100' title='bbox 103 1673 189 1737; x_wconf 90' lang='lat' dir='ltr'>Haec</span> <span class='ocrx_word' id='word_1_101' title='bbox 212 1672 289 1736; x_wconf 90' lang='lat' dir='ltr'>licet</span> <span class='ocrx_word' id='word_1_102' title='bbox 313 1675 475 1736; x_wconf 85' lang='lat' dir='ltr'>astrorum</span> <span class='ocrx_word' id='word_1_103' title='bbox 499 1669 611 1752; x_wconf 90' lang='lat' dir='ltr'>paucis</span> <span class='ocrx_word' id='word_1_104' title='bbox 634 1670 673 1734; x_wconf 84' lang='lat' dir='ltr'>de</span> <span class='ocrx_word' id='word_1_105' title='bbox 696 1670 770 1756; x_wconf 84' lang='lat' dir='ltr'>lege</span> <span class='ocrx_word' id='word_1_106' title='bbox 792 1692 965 1756; x_wconf 86' lang='lat' dir='ltr'>reponam,</span> <span class='ocrx_word' id='word_1_107' title='bbox 1134 1693 1163 1734; x_wconf 70' lang='lat' dir='ltr'>aa</span> 
     </span>
     <span class='ocr_line' id='line_1_18' title="bbox 100 1759 950 1844; baseline 0 -19"><span class='ocrx_word' id='word_1_108' title='bbox 100 1761 280 1827; x_wconf 88' lang='lat' dir='ltr'>Librantur</span> <span class='ocrx_word' id='word_1_109' title='bbox 303 1764 414 1825; x_wconf 89' lang='lat' dir='ltr'>tamen</span> <span class='ocrx_word' id='word_1_110' title='bbox 439 1759 574 1844; x_wconf 91' lang='lat' dir='ltr'>ancipiti</span> <span class='ocrx_word' id='word_1_111' title='bbox 596 1781 700 1843; x_wconf 89' lang='lat' dir='ltr'>neque</span> <span class='ocrx_word' id='word_1_112' title='bbox 723 1759 950 1843; x_wconf 89' lang='lat' dir='ltr'>percipiuntur</span> 
     </span>
     <span class='ocr_line' id='line_1_19' title="bbox 101 1848 976 1935; baseline 0.001 -20"><span class='ocrx_word' id='word_1_113' title='bbox 101 1850 150 1915; x_wconf 80' lang='lat' dir='ltr'>llx</span> <span class='ocrx_word' id='word_1_114' title='bbox 174 1855 261 1935; x_wconf 73' lang='lat' dir='ltr'>toto,</span> <span class='ocrx_word' id='word_1_115' title='bbox 291 1849 402 1914; x_wconf 89' lang='lat' dir='ltr'>miseri</span> <span class='ocrx_word' id='word_1_116' title='bbox 424 1852 590 1933; x_wconf 90' lang='lat' dir='ltr'>nequeunt</span> <span class='ocrx_word' id='word_1_117' title='bbox 613 1852 681 1912; x_wconf 88' lang='lat' dir='ltr'>tam</span> <span class='ocrx_word' id='word_1_118' title='bbox 706 1849 789 1912; x_wconf 87' lang='lat' dir='ltr'>scire</span> <span class='ocrx_word' id='word_1_119' title='bbox 812 1848 976 1934; x_wconf 85' lang='lat' dir='ltr'>profunda</span> 
     </span>
     <span class='ocr_line' id='line_1_20' title="bbox 100 1936 1068 2021; baseline 0.005 -18"><span class='ocrx_word' id='word_1_120' title='bbox 100 1938 272 2005; x_wconf 88' lang='lat' dir='ltr'>Mortales:</span> <span class='ocrx_word' id='word_1_121' title='bbox 300 1939 470 2003; x_wconf 89' lang='lat' dir='ltr'>hominum</span> <span class='ocrx_word' id='word_1_122' title='bbox 494 1959 608 2002; x_wconf 90' lang='lat' dir='ltr'>sensus</span> <span class='ocrx_word' id='word_1_123' title='bbox 632 1936 896 2021; x_wconf 89' lang='lat' dir='ltr'>monimentaque</span> <span class='ocrx_word' id='word_1_124' title='bbox 918 1938 1068 2009; x_wconf 82' lang='lat' dir='ltr'>vincunt.</span> 
     </span>
    </p>

    <p class='ocr_par' dir='ltr' id='par_1_8' title="bbox 58 2025 1055 2287">
     <span class='ocr_line' id='line_1_21' title="bbox 58 2025 1055 2110; baseline 0.006 -21"><span class='ocrx_word' id='word_1_125' title='bbox 58 2044 80 2094; x_wconf 67' lang='lat'>»5</span> <span class='ocrx_word' id='word_1_126' title='bbox 101 2027 183 2094; x_wconf 86' lang='lat' dir='ltr'>Sunt</span> <span class='ocrx_word' id='word_1_127' title='bbox 207 2033 315 2093; x_wconf 87' lang='lat' dir='ltr'>autem</span> <span class='ocrx_word' id='word_1_128' title='bbox 339 2049 493 2092; x_wconf 89' lang='lat' dir='ltr'>concessa</span> <span class='ocrx_word' id='word_1_129' title='bbox 515 2025 654 2110; x_wconf 90' lang='lat' dir='ltr'>homini,</span> <span class='ocrx_word' id='word_1_130' title='bbox 678 2048 758 2109; x_wconf 89' lang='lat' dir='ltr'>quae</span> <span class='ocrx_word' id='word_1_131' title='bbox 781 2026 941 2109; x_wconf 92' lang='lat' dir='ltr'>conspicit</span> <span class='ocrx_word' id='word_1_132' title='bbox 964 2027 1055 2095; x_wconf 85' lang='lat' dir='ltr'>idern</span> 
     </span>
     <span class='ocr_line' id='line_1_22' title="bbox 101 2115 930 2198; baseline -0.007 -14"><span class='ocrx_word' id='word_1_133' title='bbox 101 2117 239 2198; x_wconf 77' lang='lat' dir='ltr'>(lentius,</span> <span class='ocrx_word' id='word_1_134' title='bbox 263 2116 401 2181; x_wconf 85' lang='lat' dir='ltr'>exsistat</span> <span class='ocrx_word' id='word_1_135' title='bbox 424 2115 499 2178; x_wconf 89' lang='lat' dir='ltr'>dum</span> <span class='ocrx_word' id='word_1_136' title='bbox 525 2115 645 2198; x_wconf 89' lang='lat' dir='ltr'>quippe</span> <span class='ocrx_word' id='word_1_137' title='bbox 669 2136 770 2197; x_wconf 88' lang='lat' dir='ltr'>capax</span> <span class='ocrx_word' id='word_1_138' title='bbox 793 2115 930 2179; x_wconf 88' lang='lat' dir='ltr'>rationis</span> 
     </span>
     <span class='ocr_line' id='line_1_23' title="bbox 100 2202 939 2287; baseline -0.004 -17"><span class='ocrx_word' id='word_1_139' title='bbox 100 2205 160 2270; x_wconf 92' lang='lat' dir='ltr'>Ille</span> <span class='ocrx_word' id='word_1_140' title='bbox 185 2205 305 2270; x_wconf 91' lang='lat' dir='ltr'>animal</span> <span class='ocrx_word' id='word_1_141' title='bbox 329 2202 522 2287; x_wconf 84' lang='lat' dir='ltr'>generisque</span> <span class='ocrx_word' id='word_1_142' title='bbox 547 2204 596 2265; x_wconf 90' lang='lat' dir='ltr'>sui</span> <span class='ocrx_word' id='word_1_143' title='bbox 621 2205 744 2285; x_wconf 86' lang='lat' dir='ltr'>species</span> <span class='ocrx_word' id='word_1_144' title='bbox 768 2203 939 2286; x_wconf 87' lang='lat' dir='ltr'>bipedalis.</span> 
     </span>
    </p>

    <p class='ocr_par' dir='ltr' id='par_1_9' title="bbox 101 2288 934 2376">
     <span class='ocr_line' id='line_1_24' title="bbox 101 2288 934 2376; baseline -0.001 -20"><span class='ocrx_word' id='word_1_145' title='bbox 101 2294 249 2375; x_wconf 81' lang='lat' dir='ltr'>Quinque</span> <span class='ocrx_word' id='word_1_146' title='bbox 274 2289 473 2354; x_wconf 88' lang='lat' dir='ltr'>subalternis</span> <span class='ocrx_word' id='word_1_147' title='bbox 499 2288 624 2352; x_wconf 89' lang='lat' dir='ltr'>distans</span> <span class='ocrx_word' id='word_1_148' title='bbox 648 2291 776 2355; x_wconf 89' lang='lat' dir='ltr'>ratione</span> <span class='ocrx_word' id='word_1_149' title='bbox 800 2292 934 2376; x_wconf 91' lang='lat' dir='ltr'>potitur,</span> 
     </span>
    </p>

    <p class='ocr_par' dir='ltr' id='par_1_10' title="bbox 58 2377 1119 2558">
     <span class='ocr_line' id='line_1_25' title="bbox 100 2377 1119 2470; baseline 0.009 -27"><span class='ocrx_word' id='word_1_150' title='bbox 100 2379 246 2464; x_wconf 81' lang='lat' dir='ltr'>Quidque</span> <span class='ocrx_word' id='word_1_151' title='bbox 273 2398 374 2463; x_wconf 83' lang='lat' dir='ltr'>genus</span> <span class='ocrx_word' id='word_1_152' title='bbox 404 2397 586 2459; x_wconf 84' lang='lat' dir='ltr'>summum,</span> <span class='ocrx_word' id='word_1_153' title='bbox 604 2377 656 2442; x_wconf 87' lang='lat' dir='ltr'>vel</span> <span class='ocrx_word' id='word_1_154' title='bbox 681 2379 758 2462; x_wconf 91' lang='lat' dir='ltr'>quid</span> <span class='ocrx_word' id='word_1_155' title='bbox 783 2381 849 2444; x_wconf 89' lang='lat' dir='ltr'>sint</span> <span class='ocrx_word' id='word_1_156' title='bbox 872 2385 1119 2470; x_wconf 75' lang='grc' dir='ltr'><strong><em>συμβεβηκότα,</em></strong></span> 
     </span>
     <span class='ocr_line' id='line_1_26' title="bbox 58 2465 1102 2558; baseline 0.008 -26"><span class='ocrx_word' id='word_1_157' title='bbox 58 2486 81 2533; x_wconf 67' lang='grc' dir='ltr'>ῑο</span> <span class='ocrx_word' id='word_1_158' title='bbox 102 2468 186 2545; x_wconf 81' lang='lat' dir='ltr'>Quid</span> <span class='ocrx_word' id='word_1_159' title='bbox 209 2466 342 2550; x_wconf 87' lang='lat' dir='ltr'>species,</span> <span class='ocrx_word' id='word_1_160' title='bbox 365 2465 416 2529; x_wconf 87' lang='lat' dir='ltr'>vel</span> <span class='ocrx_word' id='word_1_161' title='bbox 441 2465 517 2548; x_wconf 88' lang='lat' dir='ltr'>quid</span> <span class='ocrx_word' id='word_1_162' title='bbox 541 2465 607 2529; x_wconf 88' lang='lat' dir='ltr'>sint</span> <span class='ocrx_word' id='word_1_163' title='bbox 631 2471 748 2550; x_wconf 87' lang='lat' dir='ltr'>cetera,</span> <span class='ocrx_word' id='word_1_164' title='bbox 772 2490 854 2553; x_wconf 89' lang='lat' dir='ltr'>quae</span> <span class='ocrx_word' id='word_1_165' title='bbox 874 2470 941 2534; x_wconf 87' lang='lat' dir='ltr'>tria</span> <span class='ocrx_word' id='word_1_166' title='bbox 962 2477 1102 2558; x_wconf 86' lang='lat' dir='ltr'>restant,</span> 
     </span>
    </p>

    <p class='ocr_par' dir='ltr' id='par_1_11' title="bbox 101 2554 1120 2638">
     <span class='ocr_line' id='line_1_27' title="bbox 101 2554 1120 2638; baseline 0.009 -18"><span class='ocrx_word' id='word_1_167' title='bbox 101 2556 259 2621; x_wconf 82' lang='lat' dir='ltr'>Fontibus</span> <span class='ocrx_word' id='word_1_168' title='bbox 282 2556 335 2620; x_wconf 92' lang='lat' dir='ltr'>his</span> <span class='ocrx_word' id='word_1_169' title='bbox 355 2559 388 2620; x_wconf 88' lang='lat' dir='ltr'>et</span> <span class='ocrx_word' id='word_1_170' title='bbox 407 2575 552 2638; x_wconf 88' lang='lat' dir='ltr'>quaeque</span> <span class='ocrx_word' id='word_1_171' title='bbox 570 2554 689 2638; x_wconf 90' lang='lat' dir='ltr'>fluunt,</span> <span class='ocrx_word' id='word_1_172' title='bbox 712 2578 779 2621; x_wconf 90' lang='lat' dir='ltr'>non</span> <span class='ocrx_word' id='word_1_173' title='bbox 802 2558 975 2624; x_wconf 91' lang='lat' dir='ltr'>immemor</span> <span class='ocrx_word' id='word_1_174' title='bbox 987 2562 1120 2629; x_wconf 80' lang='lat' dir='ltr'>‘haurit</span> 
     </span>
    </p>
   </div>
   <div class='ocr_carea' id='block_1_3' title="bbox 58 2645 1014 3088">
    <p class='ocr_par' dir='ltr' id='par_1_12' title="bbox 58 2645 1014 3088">
     <span class='ocr_line' id='line_1_28' title="bbox 98 2645 859 2731; baseline 0 -22"><span class='ocrx_word' id='word_1_175' title='bbox 98 2646 177 2709; x_wconf 88' lang='lat' dir='ltr'>Alta</span> <span class='ocrx_word' id='word_1_176' title='bbox 201 2645 313 2710; x_wconf 89' lang='lat' dir='ltr'>videns</span> <span class='ocrx_word' id='word_1_177' title='bbox 338 2645 407 2709; x_wconf 89' lang='lat' dir='ltr'>acie</span> <span class='ocrx_word' id='word_1_178' title='bbox 431 2648 597 2709; x_wconf 87' lang='lat' dir='ltr'>scrutatur</span> <span class='ocrx_word' id='word_1_179' title='bbox 620 2645 692 2709; x_wconf 89' lang='lat' dir='ltr'>iura</span> <span class='ocrx_word' id='word_1_180' title='bbox 715 2645 859 2731; x_wconf 88' lang='lat' dir='ltr'>sophiae,</span> 
     </span>
     <span class='ocr_line' id='line_1_29' title="bbox 99 2733 980 2820; baseline 0.002 -22"><span class='ocrx_word' id='word_1_181' title='bbox 99 2734 240 2816; x_wconf 82' lang='lat' dir='ltr'>Physica</span> <span class='ocrx_word' id='word_1_182' title='bbox 263 2735 353 2799; x_wconf 89' lang='lat' dir='ltr'>ouius</span> <span class='ocrx_word' id='word_1_183' title='bbox 376 2737 443 2797; x_wconf 89' lang='lat' dir='ltr'>tres</span> <span class='ocrx_word' id='word_1_184' title='bbox 468 2737 557 2816; x_wconf 91' lang='lat' dir='ltr'>sunt,</span> <span class='ocrx_word' id='word_1_185' title='bbox 582 2733 702 2818; x_wconf 90' lang='lat' dir='ltr'>ethica,</span> <span class='ocrx_word' id='word_1_186' title='bbox 726 2734 834 2818; x_wconf 89' lang='lat' dir='ltr'>logica</span> <span class='ocrx_word' id='word_1_187' title='bbox 857 2739 980 2820; x_wconf 89' lang='lat' dir='ltr'>partes,</span> 
     </span>
     <span class='ocr_line' id='line_1_30' title="bbox 101 2821 1005 2906; baseline 0.006 -19"><span class='ocrx_word' id='word_1_188' title='bbox 101 2821 232 2887; x_wconf 85' lang='lat' dir='ltr'>Semina</span> <span class='ocrx_word' id='word_1_189' title='bbox 257 2843 339 2906; x_wconf 92' lang='lat' dir='ltr'>quae</span> <span class='ocrx_word' id='word_1_190' title='bbox 362 2843 484 2904; x_wconf 90' lang='lat' dir='ltr'>rerum,</span> <span class='ocrx_word' id='word_1_191' title='bbox 509 2845 591 2905; x_wconf 91' lang='lat' dir='ltr'>quae</span> <span class='ocrx_word' id='word_1_192' title='bbox 615 2845 730 2906; x_wconf 90' lang='lat' dir='ltr'>mores,</span> <span class='ocrx_word' id='word_1_193' title='bbox 754 2845 835 2906; x_wconf 90' lang='lat' dir='ltr'>quae</span> <span class='ocrx_word' id='word_1_194' title='bbox 859 2825 1005 2892; x_wconf 88' lang='lat' dir='ltr'>rationes</span> 
     </span>
     <span class='ocr_line' id='line_1_31' title="bbox 58 2909 1014 2994; baseline 0.007 -21"><span class='ocrx_word' id='word_1_195' title='bbox 58 2927 79 2974; x_wconf 63' lang='lat' dir='ltr'>to</span> <span class='ocrx_word' id='word_1_196' title='bbox 100 2909 285 2975; x_wconf 84' lang='lat' dir='ltr'>Ostendant</span> <span class='ocrx_word' id='word_1_197' title='bbox 306 2909 446 2988; x_wconf 91' lang='lat' dir='ltr'>homini,</span> <span class='ocrx_word' id='word_1_198' title='bbox 472 2911 589 2994; x_wconf 91' lang='lat' dir='ltr'>quibus</span> <span class='ocrx_word' id='word_1_199' title='bbox 613 2911 792 2976; x_wconf 89' lang='lat' dir='ltr'>instructus</span> <span class='ocrx_word' id='word_1_200' title='bbox 816 2913 898 2976; x_wconf 93' lang='lat' dir='ltr'>bene</span> <span class='ocrx_word' id='word_1_201' title='bbox 920 2917 1014 2980; x_wconf 86' lang='lat' dir='ltr'>novit</span> 
     </span>
     <span class='ocr_line' id='line_1_32' title="bbox 99 2997 982 3088; baseline 0.003 -24"><span class='ocrx_word' id='word_1_202' title='bbox 99 2997 245 3064; x_wconf 89' lang='lat' dir='ltr'>Naturas</span> <span class='ocrx_word' id='word_1_203' title='bbox 270 3000 520 3082; x_wconf 88' lang='lat' dir='ltr'>elementorum,</span> <span class='ocrx_word' id='word_1_204' title='bbox 544 3022 626 3085; x_wconf 90' lang='lat' dir='ltr'>quae</span> <span class='ocrx_word' id='word_1_205' title='bbox 651 3000 782 3066; x_wconf 87' lang='lat' dir='ltr'>dissona</span> <span class='ocrx_word' id='word_1_206' title='bbox 805 3024 878 3066; x_wconf 88' lang='lat' dir='ltr'>cum</span> <span class='ocrx_word' id='word_1_207' title='bbox 903 3002 982 3088; x_wconf 85' lang='lat' dir='ltr'>sint,</span> 
     </span>
    </p>
   </div>
   <div class='ocr_carea' id='block_1_4' title="bbox 97 3173 1119 3619">
    <p class='ocr_par' dir='ltr' id='par_1_13' title="bbox 97 3173 1119 3619">
     <span class='ocr_line' id='line_1_33' title="bbox 169 3173 1119 3251; baseline 0.009 -24"><span class='ocrx_word' id='word_1_208' title='bbox 169 3173 381 3230; x_wconf 75' lang='lat' dir='ltr'>836‘solltca&#39;tet&#39;</span> <span class='ocrx_word' id='word_1_209' title='bbox 429 3179 481 3228; x_wconf 84' lang='lat'>838</span> <span class='ocrx_word' id='word_1_210' title='bbox 494 3174 602 3243; x_wconf 81' lang='lat' dir='ltr'>‘equat’</span> <span class='ocrx_word' id='word_1_211' title='bbox 648 3180 701 3230; x_wconf 83' lang='lat'>839</span> <span class='ocrx_word' id='word_1_212' title='bbox 713 3176 787 3231; x_wconf 78' lang='lat' dir='ltr'>‘hec’</span> <span class='ocrx_word' id='word_1_213' title='bbox 831 3183 883 3233; x_wconf 84' lang='grc'>840</span> <span class='ocrx_word' id='word_1_214' title='bbox 896 3176 1056 3234; x_wconf 79' lang='lat' dir='ltr'>‘brumalis’</span> <span class='ocrx_word' id='word_1_215' title='bbox 1068 3197 1119 3251; x_wconf 89' lang='lat' dir='ltr'>per</span> 
     </span>
     <span class='ocr_line' id='line_1_34' title="bbox 99 3245 1118 3318; baseline 0.007 -19"><span class='ocrx_word' id='word_1_216' title='bbox 99 3245 245 3314; x_wconf 85' lang='lat' dir='ltr'>compend.</span> <span class='ocrx_word' id='word_1_217' title='bbox 257 3263 309 3300; x_wconf 89' lang='lat' dir='ltr'>sor.</span> <span class='ocrx_word' id='word_1_218' title='bbox 340 3250 391 3300; x_wconf 89' lang='grc'>841</span> <span class='ocrx_word' id='word_1_219' title='bbox 406 3245 534 3314; x_wconf 61' lang='lat' dir='ltr'>‘Impulit</span> <span class='ocrx_word' id='word_1_220' title='bbox 547 3246 583 3300; x_wconf 80' lang='lat' dir='ltr'>ic’</span> <span class='ocrx_word' id='word_1_221' title='bbox 595 3245 709 3300; x_wconf 87' lang='lat' dir='ltr'>litterae</span> <span class='ocrx_word' id='word_1_222' title='bbox 721 3266 740 3317; x_wconf 93' lang='lat' dir='ltr'>p</span> <span class='ocrx_word' id='word_1_223' title='bbox 754 3249 910 3318; x_wconf 77' lang='lat' dir='ltr'>superseni</span> <span class='ocrx_word' id='word_1_224' title='bbox 948 3254 1000 3304; x_wconf 93' lang='grc'>844</span> <span class='ocrx_word' id='word_1_225' title='bbox 1012 3250 1118 3306; x_wconf 80' lang='lat' dir='ltr'>‘antar-</span> 
     </span>
     <span class='ocr_line' id='line_1_35' title="bbox 97 3315 1115 3392; baseline 0.008 -22"><span class='ocrx_word' id='word_1_226' title='bbox 97 3315 182 3372; x_wconf 86' lang='lat' dir='ltr'>tious&#39;</span> <span class='ocrx_word' id='word_1_227' title='bbox 227 3316 493 3372; x_wconf 81' lang='lat' dir='ltr'>846‘machrobius’</span> <span class='ocrx_word' id='word_1_228' title='bbox 538 3321 590 3372; x_wconf 89' lang='grc'>848</span> <span class='ocrx_word' id='word_1_229' title='bbox 603 3317 772 3387; x_wconf 81' lang='lat' dir='ltr'>‘syderibus’</span> <span class='ocrx_word' id='word_1_230' title='bbox 811 3326 864 3375; x_wconf 86' lang='grc'>860</span> <span class='ocrx_word' id='word_1_231' title='bbox 876 3320 959 3384; x_wconf 84' lang='lat' dir='ltr'>‘Qua’</span> <span class='ocrx_word' id='word_1_232' title='bbox 974 3321 1115 3392; x_wconf 85' lang='lat' dir='ltr'>‘preceps&#39;</span> 
     </span>
     <span class='ocr_line' id='line_1_36' title="bbox 100 3389 1117 3475; baseline 0.005 -16"><span class='ocrx_word' id='word_1_233' title='bbox 100 3403 222 3474; x_wconf 80' lang='lat' dir='ltr'>‘sphere’</span> <span class='ocrx_word' id='word_1_234' title='bbox 267 3409 319 3459; x_wconf 85' lang='grc'>866</span> <span class='ocrx_word' id='word_1_235' title='bbox 333 3389 450 3474; x_wconf 61' lang='lat' dir='ltr'>‘quoe&#39;</span> <span class='ocrx_word' id='word_1_236' title='bbox 496 3409 547 3459; x_wconf 81' lang='grc'>866</span> <span class='ocrx_word' id='word_1_237' title='bbox 564 3404 691 3460; x_wconf 79' lang='lat' dir='ltr'>‘existat’</span> <span class='ocrx_word' id='word_1_238' title='bbox 740 3411 791 3460; x_wconf 78' lang='grc'>867</span> <span class='ocrx_word' id='word_1_239' title='bbox 808 3405 937 3475; x_wconf 82' lang='lat' dir='ltr'>‘speties&#39;</span> <span class='ocrx_word' id='word_1_240' title='bbox 985 3414 1039 3466; x_wconf 82' lang='grc'>868</span> <span class='ocrx_word' id='word_1_241' title='bbox 1056 3411 1117 3466; x_wconf 74' lang='lat' dir='ltr'>‘orob</span> 
     </span>
     <span class='ocr_line' id='line_1_37' title="bbox 98 3467 1115 3545; baseline 0 -14"><span class='ocrx_word' id='word_1_242' title='bbox 98 3474 224 3531; x_wconf 78' lang='lat' dir='ltr'>ultemis&#39;</span> <span class='ocrx_word' id='word_1_243' title='bbox 272 3478 325 3528; x_wconf 83' lang='grc'>869</span> <span class='ocrx_word' id='word_1_244' title='bbox 343 3467 379 3530; x_wconf 77' lang='lat' dir='ltr'>‘lu‘</span> <span class='ocrx_word' id='word_1_245' title='bbox 394 3475 574 3530; x_wconf 75' lang='lat' dir='ltr'>BEBlelOA&#39;</span> <span class='ocrx_word' id='word_1_246' title='bbox 622 3481 674 3531; x_wconf 90' lang='grc'>860</span> <span class='ocrx_word' id='word_1_247' title='bbox 687 3477 764 3545; x_wconf 81' lang='lat' dir='ltr'>‘que’</span> <span class='ocrx_word' id='word_1_248' title='bbox 812 3481 864 3529; x_wconf 91' lang='grc'>861</span> <span class='ocrx_word' id='word_1_249' title='bbox 881 3475 1014 3544; x_wconf 79' lang='lat' dir='ltr'>‘queque’</span> <span class='ocrx_word' id='word_1_250' title='bbox 1064 3487 1115 3536; x_wconf 71' lang='lat'>862</span> 
     </span>
     <span class='ocr_line' id='line_1_38' title="bbox 100 3542 1114 3619; baseline 0.003 -16"><span class='ocrx_word' id='word_1_251' title='bbox 100 3545 223 3618; x_wconf 82' lang='lat' dir='ltr'>‘sophie&#39;</span> <span class='ocrx_word' id='word_1_252' title='bbox 284 3548 337 3598; x_wconf 83' lang='lat'>863</span> <span class='ocrx_word' id='word_1_253' title='bbox 357 3547 492 3600; x_wconf 81' lang='lat' dir='ltr'>‘Phisica&#39;</span> <span class='ocrx_word' id='word_1_254' title='bbox 554 3551 606 3600; x_wconf 84' lang='grc'>864</span> <span class='ocrx_word' id='word_1_255' title='bbox 627 3546 704 3614; x_wconf 82' lang='lat' dir='ltr'>‘qne’</span> <span class='ocrx_word' id='word_1_256' title='bbox 727 3546 803 3612; x_wconf 80' lang='lat' dir='ltr'>‘que’</span> <span class='ocrx_word' id='word_1_257' title='bbox 826 3542 904 3610; x_wconf 77' lang='lat' dir='ltr'>‘quc&#39;</span> <span class='ocrx_word' id='word_1_258' title='bbox 961 3549 1014 3602; x_wconf 83' lang='lat'>866</span> <span class='ocrx_word' id='word_1_259' title='bbox 1036 3550 1114 3619; x_wconf 80' lang='lat' dir='ltr'>‘que&#39;</span> 
     </span>
    </p>
   </div>
   <div class='ocr_carea' id='block_1_5' title="bbox 0 0 1182 3946">
    <p class='ocr_par' dir='ltr' id='par_1_14' title="bbox 0 0 1182 3946">
     <span class='ocr_line' id='line_1_39' title="bbox 0 0 1182 3946; baseline 0 1"><span class='ocrx_word' id='word_1_260' title='bbox 0 0 1182 3946; x_wconf 95' lang='lat' dir='ltr'> </span> 
     </span>
    </p>
   </div>
  </div>
 </body>
</html>
