2354 3946
108 193 151 259 92
390 191 449 247 VII.
477 190 602 248 PASSIO
623 192 649 247 S.
668 190 840 248 ARNUIAE'I.

109 355 196 434 Quos
221 357 319 422 simul
342 356 428 421 unda
452 354 536 419 sacri
559 353 769 439 baptismatis
793 354 901 419 abluit
925 377 1050 441 omnes,

108 444 146 511 In
170 446 246 510 fidei
269 444 433 511 commisit
456 466 530 508 eum
553 443 759 524 charismate,
781 442 903 508 iunctis

39 550 90 600 165
110 534 213 611 Quem
237 534 386 599 manibus
409 556 466 597 rex
489 530 652 616 excipiens
675 531 843 597 tractabat
865 531 1005 598 honeste

108 624 154 688 Et
177 623 283 708 magis
308 627 405 707 atque
429 621 534 706 magis
559 625 689 703 gratum
713 619 777 684 sibi
800 619 936 685 strinxit
960 643 1073 686 amore

110 710 242 777 Scilicet
264 711 299 775 in
321 714 465 794 tantum,
487 709 574 794 quod
596 713 728 793 neptem
752 708 846 773 valde
869 713 1045 775 venustam

111 899 144 908 -
155 867 211 921 Ubi
221 868 398 922 chlodoveus
409 882 459 922 rex
470 864 560 920 tradit
569 864 596 920 ci
608 881 687 919 suam
699 866 813 935 neptem
826 863 857 919 in
867 865 1083 922 matrimonium
1093 894 1120 906 -

110 976 169 1040 Ille
194 998 296 1059 suam,
318 975 452 1059 proprio
476 972 703 1060 Scaribergam
724 973 858 1039 nomine
882 974 1020 1061 dictam,
1112 978 1167 1032 ‘tl'

110 1064 265 1129 Traderet
287 1062 438 1146 Arnulfo,
462 1064 513 1128 cui
536 1063 673 1146 pulchra
696 1062 832 1145 vigebat
853 1062 976 1148 imago,

40 1169 92 1216 170
110 1151 251 1215 Foedere
275 1149 426 1232 coniugii.
473 1149 593 1214 Docuit
616 1173 698 1236 quos
722 1151 835 1215 deinde
858 1151 977 1217 beatus

110 1238 289 1322 Remigius,
312 1238 452 1302 carnalis
477 1260 569 1302 amor
592 1239 670 1323 quid
693 1243 941 1320 commereatur,

112 1327 239 1404 Quaeve
264 1326 456 1412 pudicitiam
480 1329 687 1392 servantibus
711 1327 843 1392 aethere
867 1327 953 1393 dona

112 1416 262 1481 Destinet
287 1416 502 1501 omnipotens.
543 1416 668 1492 Quibus
692 1416 813 1482 auditis
835 1417 1045 1484 documentis

113 1505 209 1570 Votis
233 1528 267 1570 se
291 1506 422 1572 domino
447 1505 545 1570 castis
570 1504 776 1571 commendat
798 1507 948 1590 uterque.

41 1612 92 1660 175
113 1593 237 1660 Crescit
261 1617 352 1660 amor
376 1593 500 1660 Christi
522 1594 660 1678 posthac
682 1594 810 1658 fervore
833 1592 952 1677 pudico

113 1682 271 1749 Oordihus
295 1684 465 1748 amborum
490 1682 706 1767 validissime3
733 1702 875 1767 namque
897 1704 1018 1749 vacare

164 1871 194 1880 -
216 1840 297 1906 Quod
315 1843 446 1894 monente
466 1841 563 1894 sancto
581 1836 712 1963 Remtigio
730 1840 866 1909 perpetuo
885 1840 1083 1897 continentiae

530 1926 643 1965 vacann
677 1941 710 1950 -

112 2020 277 2102 Incipiunt
301 2042 391 2084 sacre
415 2020 582 2084 sollertem
605 2018 810 2102 relligionem

113 2108 377 2192 Quaerentesque
402 2108 496 2172 deum
521 2107 642 2172 crebris
667 2107 864 2191 singultibus
888 2110 989 2193 atque

112 2196 177 2261 Pro
200 2199 267 2260 risu
290 2194 443 2260 lacrimas
466 2195 641 2259 fundentes
666 2217 794 2278 semper
817 2217 947 2260 amaras

43 2300 94 2349 180
112 2283 175 2347 Pro
199 2283 266 2347 nilo
291 2282 412 2346 ducunt
435 2282 558 2345 malum
583 2283 809 2367 amplexando,
832 2305 930 2349 suave

113 2369 275 2456 Quidquid
299 2373 388 2434 amat
411 2370 560 2471 mundus,
582 2370 778 2455 quidquidve
800 2372 952 2438 beatulus
977 2376 1098 2460 ambit,

113 2457 373 2543 Obsequioque
364 2459 434 2541 iugi
458 2458 625 2523 dominum
649 2461 805 2525 secretius
828 2465 937 2545 orant,

113 2545 196 2613 Cum
219 2547 300 2612 foris
325 2552 376 2612 ost
362 2548 498 2612 tendant
484 2550 663 2632 tspeciem
687 2570 721 2614 se
744 2547 830 2614 ferre
853 2512 1008 2634 iugalem.

114 2634 271 2701 Clarescit
292 2634 371 2702 fact
347 2641 401 2721 trs,
425 2637 581 2723 quidquid
603 2637 791 2723 praecordia
813 2639 957 2703 volvunt.

43 2739 93 2790 185
113 2723 268 2801 Quamvis
288 2725 410 2809 scripta
424 2730 555 2791 canant:
528 2726 694 2792 tHomo
709 2748 875 2812 nunquam
890 2726 1017 2794 dividat
1035 2730 1130 2816 illud,

113 2812 206 2889 Quod
229 2813 340 2877 deus
331 2815 480 2914 mprimis
504 2816 716 2880 coniunxerat
739 2815 978 2901 omnicreator?

112 2900 225 2987 Ipset
226 2922 322 2966 amen
344 2901 373 2965 si
396 2901 569 2995 dissolvat,
593 2904 665 2988 quis
689 2903 751 2969 hoc
773 2904 1010 2989 reprehendat?

113 2988 259 3074 Corpora
282 2989 417 3054 dissolvi
439 3011 505 3053 non
518 2981 592 3072 cst,
616 2991 746 3074 (quod)
770 2993 867 3058 corda
890 2993 997 3076 ligari.

113 3075 210 3142 Solus
234 3079 320 3142 idem
343 3075 495 3142 Christus
519 3078 669 3143 dominus
693 3079 873 3144 discernere
896 3082 997 3148 novit.

42 3179 94 3230 190
112 3164 262 3281 Denique
285 3187 343 3250 per
366 3165 472 3230 visum
496 3167 639 3229 monitus
663 3167 713 3231 vir
735 3169 856 3233 nobilis
880 3169 943 3233 iste
1147 3190 1162 3232 1.

113 3251 180 3318 sic:
204 3252 280 3329 Qui
302 3275 368 3318 non
392 3252 530 3338 spernit,
555 3275 636 3337 quae
660 3255 818 3338 possidet,
842 3259 959 3341 omnia,
981 3281 1079 3324 nemo

185 3414 237 3465 164
253 3409 425 3464 ‘carismate'
479 3415 530 3462 170
547 3408 676 3463 ‘Federc’
725 3415 776 3465 178
793 3408 1025 3509 ‘Querentesque’
1076 3421 1128 3472 180

114 3479 196 3535 ‘nilo'
225 3495 279 3535 sec.
303 3499 339 3533 m.
362 3481 431 3535 ‘chi’
457 3495 592 3549 superscr
667 3486 715 3534 181
743 3480 897 3548 quicquid’
932 3482 1125 3554 ‘quicquidve’

114 3556 166 3606 184
185 3551 341 3622 quicquid’
400 3556 451 3606 188
472 3551 564 3621 ‘quod’
587 3549 665 3620 [au‘
668 3553 724 3605 orsi
727 3553 768 3622 Ὗ]
788 3550 893 3605 excidit
