2354 3946
105 175 132 229 X
505 169 722 228 PRAEFATIO.

106 335 321 421 grammatica
347 356 414 399 non
441 338 509 399 tam
537 335 639 400 errori
667 335 720 399 vel
752 333 957 418 ignorantiae
984 333 1123 400 illorum

104 426 277 508 poetarum
296 445 393 506 quam
416 422 537 488 nimiae
556 422 734 489 subtilitati
757 421 929 487 tribuenda
951 421 1031 506 sint,
1056 445 1123 507 qua

105 512 216 596 legum
240 510 449 576 metricorum
468 511 510 575 ab
530 512 672 595 antiquis
692 512 798 594 poetis
817 514 1018 575 statutarum
1038 511 1123 576 diffi-

105 600 245 665 cultates
273 600 357 664 rimo
382 603 414 664 et
437 600 683 683 allitteratione,
706 621 789 683 quae
812 603 979 682 vocantur,
1007 601 1121 665 ascitis

105 689 192 754 ultro
226 688 399 774 augebant.
455 687 603 770 Accedit,
640 687 725 772 quod
761 686 849 752 haud
880 687 975 772 pauci
1008 710 1121 754 eorum

107 777 277 842 elisionem
308 777 485 858 vocalium,
518 799 685 841 caesuram
718 798 830 840 versus
866 775 989 842 heroici
1026 778 1122 843 semi-

106 865 340 951 septenariam,
363 887 475 930 versus
504 866 699 950 spondaicos
728 868 786 928 aut
814 865 945 930 omnino
969 886 1122 948 asperna

105 955 226 1019 bantur
244 957 301 1018 aut
318 975 451 1038 perraro
470 954 536 1037 ipsi
555 953 618 1018 sibi
637 952 864 1018 concedebant.
893 951 977 1028 Quid
992 955 1121 1037 mirum,

106 1043 134 1106 si
157 1043 351 1108 necessitate
370 1042 487 1119 coacti,
510 1047 547 1106 ut
569 1042 686 1106 horum
704 1040 907 1107 vinculorum
926 1062 1008 1106 onus
1029 1044 1120 1127 paul·

105 1131 209 1195 lulum
235 1130 457 1208 sublevarent,
484 1130 518 1194 in
546 1130 643 1196 rebus
668 1131 893 1214 grammaticis
917 1135 1014 1215 atque
1038 1131 1119 1196 adeo

104 1218 140 1283 in
162 1218 341 1301 prosodicis
366 1241 402 1283 ac
426 1218 570 1283 metricis
595 1219 700 1282 multa
723 1218 787 1282 sibi
810 1219 1006 1283 sumebant?
1048 1218 1119 1295 Quo

106 1310 257 1390 spectant
275 1307 423 1391 inprimis
441 1308 602 1391 correptio
617 1307 790 1393 longarum
810 1306 1012 1390 syllabarum
1030 1329 1120 1391 prae-

105 1396 199 1480 cipue
231 1396 266 1459 in
297 1395 486 1461 nominibus
519 1395 658 1480 propriis
692 1395 744 1459 vel
777 1395 945 1460 vocabulis
978 1394 1120 1479 Graecis,

105 1485 277 1571 productio
287 1485 433 1550 brevium
449 1483 588 1549 maxime
598 1485 632 1549 in
644 1484 711 1548 arsi
721 1488 754 1548 et
766 1505 908 1567 caesura,
919 1484 987 1549 rari
998 1483 1120 1567 hiatus,

107 1573 248 1638 rariores
273 1573 434 1658 synizeses
458 1577 490 1638 et
514 1572 684 1657 diaereses,
708 1572 774 1637 alia
795 1571 891 1636 huius
916 1573 1053 1658 generis.

195 1661 245 1728 Ac
269 1663 473 1728 severissime
497 1662 627 1746 quidem
653 1661 714 1727 has
742 1661 832 1746 leges
859 1661 1011 1726 metricas
1041 1685 1121 1728 ano-

104 1773 223 1834 nymus
245 1751 301 1815 ille
325 1755 439 1816 auctor
457 1749 554 1816 Vitae
578 1749 609 1817 S.
629 1750 775 1816 Verenae
793 1748 942 1833 Virginis
966 1753 1121 1832 exercuit,

105 1843 142 1904 ut
171 1839 227 1923 qui
253 1861 419 1925 nimquam
451 1840 593 1925 hiatum,
624 1860 790 1923 nunquam
824 1837 1006 1921 elisionem,
1040 1861 1121 1903 nun·

106 1949 204 2012 quam
245 1951 411 1994 caesuram
454 1927 755 2013 semiseptenariam
797 1926 974 1992 admiserit.
1029 1927 1120 1993 Idem

106 2017 252 2102 singulos
271 2039 384 2082 versus
403 2017 625 2082 Leoninorum
647 2015 744 2081 modo
768 2014 884 2079 mediis
908 2018 941 2080 et
964 2017 1119 2081 extremis

105 2106 213 2170 verbis
243 2105 396 2170 similiter
418 2110 571 2170 sonantes
600 2105 678 2171 fecit
704 2107 835 2188 praeter
861 2127 889 2169 v.
913 2104 969 2187 23,
997 2104 1119 2188 inquo

103 2193 211 2256 tribus
238 2193 403 2258 vocabulis
432 2195 467 2258 in
495 2216 514 2257 a
542 2192 734 2257 exeuntibus
764 2192 933 2257 accedente
961 2196 1119 2277 quattuor

103 2301 219 2345 vocum
257 2281 492 2345 allitteratione
529 2280 752 2346 assonantiam
790 2280 953 2364 quandam
991 2280 1118 2346 efficere

104 2369 245 2433 voluisse
273 2369 410 2433 uidetur.
455 2370 504 2433 Ac
531 2368 629 2454 longe
661 2368 766 2433 maior
797 2391 875 2452 pars
903 2374 1032 2455 centum
1062 2370 1120 2434 tri-

105 2457 199 2543 ginta
219 2458 356 2523 duorum
374 2478 541 2540 versuum,
565 2457 739 2543 exquibus
762 2456 826 2522 hoc
843 2479 962 2542 poema
981 2463 1120 2541 constat,

104 2545 242 2632 singulis
271 2546 409 2630 syllabis
437 2545 552 2610 mediis
576 2549 610 2611 et
630 2546 783 2611 extremis
811 2546 859 2611 ita
882 2552 1055 2629 consonat,
1083 2552 1120 2612 ut

103 2656 163 2719 pro
187 2634 282 2698 iustis
306 2634 578 2700 homoeoteleutis
601 2634 637 2698 bi
661 2655 788 2719 quoque
812 2635 917 2699 exitus
945 2635 1120 2700 admittan-

103 2731 170 2788 tur:
199 2744 298 2787 ae-
319 2745 335 2786 e
360 2721 426 2806 (79,
451 2724 538 2808 122),
562 2744 681 2788 ens—
702 2744 736 2788 es
760 2721 821 2809 (3),
848 2727 904 2787 ent
922 2759 965 2770 —
985 2727 1017 2789 et
1040 2724 1120 2807 (91),

104 2834 138 2877 es
157 2849 201 2858 -
220 2834 257 2877 os
281 2811 348 2896 (29,
371 2809 438 2896 30),
460 2834 517 2876 um
536 2833 650 2876 -em
674 2811 741 2896 (11,
764 2813 817 2896 21,
841 2808 909 2898 60),
934 2835 987 2877 am
1007 2849 1048 2860 -
1069 2836 1120 2877 em

103 2899 290 2988 (50,104),
323 2898 442 2986 viginti
474 2902 617 2985 quinque
644 2897 773 2966 versus
790 2900 896 2966 rarius
923 2901 1004 2967 totis
1031 2902 1120 2968 binis

104 2990 240 3076 syllabis
263 2989 330 3074 (62,
352 2985 445 3076 103),
472 2990 601 3073 saepius
623 2989 792 3055 vocalibus
816 2992 945 3055 tantum
970 2991 1120 3056 binarum

105 3079 307 3161 syllabarum
330 3078 480 3143 similiter
503 3081 630 3162 sonent,
652 3077 744 3144 velut
764 3079 805 3143 13
825 3075 932 3164 (vanis
950 3113 988 3125 —
1005 3078 1120 3142 metal-

103 3164 174 3252 lis),
207 3168 249 3232 22
277 3167 416 3251 (sacram
442 3203 482 3215 -
505 3165 663 3253 palmam)
692 3171 766 3250 etc3
798 3189 848 3231 vv.
875 3167 915 3230 10
939 3170 973 3230 et
994 3165 1038 3230 45
1066 3164 1118 3227 vel

103 3256 204 3342 ternis
233 3256 369 3337 syllabis
393 3253 481 3342 (fidei
502 3291 540 3303 —
561 3255 664 3340 fideli,
691 3255 768 3320 fidei
792 3291 830 3302 —
856 3250 989 3336 nitenti)
1013 3251 1117 3316 conci·

102 3345 194 3407 nunt.
239 3343 347 3409 Media
369 3365 433 3409 vox
457 3365 570 3409 versus
598 3366 672 3409 cum
700 3347 845 3408 extrema
871 3359 1053 3406 consonans
1081 3339 1116 3402 in

103 3431 334 3515 semiquinaria
358 3454 492 3497 caesura
519 3432 568 3497 ita
590 3431 744 3498 collocari
767 3431 864 3512 solet,
891 3431 929 3493 ut
951 3426 1002 3491 bis
1025 3430 1117 3493 terve

102 3516 137 3580 in
162 3517 225 3582 hoc
253 3520 396 3584 carmine
425 3519 470 3606 (9,
495 3520 551 3604 73,
578 3520 719 3585 fortasse
747 3518 847 3583 etiam
874 3515 940 3597 50),
959 3515 995 3580 in
1024 3517 1119 3583 semi-
