2354 3946
198 169 219 224 1.
247 167 373 224 PASSIO
393 167 440 224 SS.
455 167 564 223 PETRI
581 168 629 224 ΕΤ
646 169 758 226 PAULI
776 169 1056 239 APOSTOLORUM.
1112 175 1133 240 3

163 331 325 396 Perfidiae
349 331 483 397 solitum
505 333 599 397 novit
621 333 703 398 inire
727 334 870 401 modum:

118 420 244 485 Reiecit
267 425 398 485 sanctos
420 421 616 506 propriaque
640 443 679 486 ex
702 423 776 488 sede
799 422 929 509 fugavit

65 526 100 574 40
165 508 303 593 Expulit
325 512 358 573 et
379 508 484 575 vitem
507 513 612 576 morte
636 515 788 576 manente
812 512 883 578 sibi.

121 596 294 662 Finitimae
318 619 396 682 ergo
419 598 499 662 fides
524 599 614 684 genti
637 600 714 664 dum
737 600 879 665 traditur
903 603 990 666 alma

165 684 331 750 Samariae
355 690 388 751 et
411 685 501 752 Petri
525 689 658 771 spiritus
681 709 737 753 ore
760 688 865 772 datur,

120 773 304 839 Seminibus
328 775 427 839 castis
452 797 486 840 se
509 777 619 842 toxica
641 799 739 841 saeva
762 777 956 843 subornant:

163 863 345 945 Pelluntur,
367 863 489 928 fallunt
511 887 578 929 non
600 868 711 930 tamen
733 865 791 930 illa
813 865 957 932 Petrum.

62 971 97 1018 45
118 951 226 1016 Pestis
251 953 337 1016 enim
359 952 475 1036 fallax,
498 953 585 1018 nudo
609 955 801 1038 cognomine
826 952 950 1039 Simon,

162 1040 368 1106 Daemonicis
391 1042 507 1125 plenus
531 1042 655 1107 artibus
680 1047 777 1127 atque
797 1043 902 1127 malis,

117 1128 204 1192 Dum
227 1129 336 1194 divina
359 1130 450 1213 cupit
472 1134 549 1215 post
572 1130 709 1196 vendere
732 1131 817 1196 dona
840 1132 966 1216 salutis,

162 1215 244 1282 Cum
267 1217 364 1283 sociis
387 1219 507 1283 meruit
530 1241 608 1284 voce
630 1220 736 1301 perire
759 1218 857 1285 Petri

116 1303 202 1370 Hinc
225 1310 399 1391 postquam
422 1307 457 1370 in
476 1306 573 1372 Petro
592 1308 747 1372 virtutem
770 1309 873 1373 sensit
894 1309 1039 1396 herilem,

61 1413 96 1460 50
161 1394 314 1478 Implevit
337 1395 460 1459 socium
483 1395 533 1460 vis
556 1395 689 1461 inimica
713 1417 816 1463 suum.

116 1481 204 1547 Urbs
228 1483 362 1567 antiqua
386 1483 476 1547 sedet
500 1483 616 1548 declivi
639 1485 675 1548 in
696 1487 791 1569 parte
815 1486 932 1569 locata,

161 1569 231 1644 Qua
253 1571 379 1636 Phoebi
400 1572 527 1657 lampas
551 1571 678 1658 tingere
701 1572 794 1637 novit
818 1594 930 1657 equos:

114 1658 255 1724 Romam
278 1661 362 1725 hanc
386 1660 498 1725 dicunt
521 1661 599 1725 olim
623 1665 656 1725 et
678 1660 786 1725 dixere
808 1661 948 1745 priorem
1068 1738 1072 1744 ,
1144 1683 1160 1724 r.

160 1747 266 1812 Alluit
288 1749 372 1814 hanc
395 1749 504 1814 Tibris
527 1749 652 1814 Albula
674 1771 792 1814 nomen
814 1749 947 1814 habens.

60 1853 95 1902 55
114 1834 207 1899 Hanc
231 1836 309 1902 deus
333 1838 548 1922 omnipotens,
571 1837 727 1902 mundani
750 1837 898 1902 conditor
920 1839 1019 1925 orbis,

158 1924 352 2008 Praeposuit
375 1926 499 1990 cunctis
523 1925 658 1991 urbibus
682 1930 779 2011 atque
801 1927 893 2010 locis,

113 2011 160 2077 Ut
184 2014 331 2078 doctrina
353 2014 457 2079 fluens
480 2015 636 2080 mundum
659 2035 844 2098 percurrere
867 2020 987 2101 posset,

157 2101 245 2166 Dum
268 2103 419 2167 manibus
434 2103 569 2187 *regitur
592 2103 687 2167 unius
710 2102 849 2186 imperii.

112 2188 321 2254 Praestruere
344 2191 430 2256 hune
453 2191 585 2276 cupiens
609 2191 725 2256 callem
747 2194 824 2257 tunc
846 2191 971 2258 fraudis
995 2198 1126 2260 amator

60 2297 93 2346 60
159 2276 323 2343 Simonem
347 2279 410 2344 huc
433 2279 524 2344 misit
546 2279 636 2344 urbis
660 2281 775 2345 obesse
798 2281 894 2346 bono.

113 2365 175 2442 Qui
199 2388 313 2451 magus
337 2368 493 2452 populum
517 2369 592 2437 dum
615 2368 729 2433 ludens
749 2372 858 2434 versat
878 2369 1017 2436 inertem

157 2455 201 2518 Et
224 2457 457 2522 canisianum
479 2458 598 2540 perdit,
622 2462 756 2542 uterque
779 2458 875 2543 perit.

112 2541 288 2609 Daemonis
311 2545 375 2609 ista
399 2549 511 2609 manet
532 2567 660 2630 semper
679 2546 739 2610 sub
759 2547 856 2612 corde
875 2548 1034 2632 voluntas,

156 2630 203 2696 Ut
225 2632 341 2716 perdat
363 2633 520 2714 homines,
544 2654 608 2717 qua
631 2633 719 2699 valet
742 2638 813 2699 arte
836 2636 923 2700 mali.

59 2737 91 2784 55
111 2717 290 2805 Supposuit
314 2719 464 2786 Christus
488 2721 559 2786 dira
582 2721 643 2785 sub
665 2724 758 2805 peste
781 2724 889 2787 ruenti

155 2809 322 2875 Ecclesiae
345 2810 497 2895 propriae
522 2809 715 2894 signiferum
738 2809 809 2894 ipse
833 2833 936 2895 suum,

109 2895 235 2962 Missilc
259 2899 314 2981 qui
336 2897 429 2963 verbi
451 2897 576 2963 librans
600 2901 634 2962 et
657 2897 782 2982 spicula
804 2902 959 2984 torquens

154 2986 271 3051 Pectus
293 2987 329 3050 in
352 2988 522 3069 adversum
545 2987 646 3073 figere
670 2990 775 3051 macte
799 2992 905 3072 queat.

110 3072 275 3139 Ausoniae
299 3074 386 3140 Nero
409 3075 571 3160 regnabat
592 3075 779 3160 populoque
803 3073 966 3150 Quiritum

180 3325 215 3373 43
237 3323 258 3370 Β
283 3319 372 3374 ‘seua’
400 3318 555 3375 ‘subornat’
626 3323 661 3373 45
682 3317 809 3387 ‘symon'
879 3325 914 3374 45
935 3318 1118 3374 ‘Demouicis’

109 3394 141 3444 51
155 3391 271 3448 ‘locata'
324 3395 357 3445 52
374 3389 485 3445 ‘Phebi’
538 3394 572 3444 55
587 3387 758 3459 ‘Proposuit’
812 3396 845 3446 58
861 3390 1000 3445 ‘manibu'
1052 3396 1120 3446 ber

109 3461 293 3517 ‘Prestruere'
313 3460 528 3516 B‘Perctruere’
593 3466 628 3518 60
644 3459 817 3529 ‘symonem‘
878 3467 912 3517 66
933 3460 1117 3518 ‘Aecclesiae’

109 3531 245 3602 ‘proprie'
302 3538 336 3589 68
356 3531 557 3587 ‘inaduersum’

922 3621 960 3678 1*
