2354 3946
86 144 129 210 26
401 143 448 200 111.
477 142 567 199 VITA
586 143 613 198 S.
632 141 779 198 aaasass.

87 308 150 385 Qui
176 311 209 372 10
232 306 404 393 percutiet,
431 305 564 370 damnat
586 305 796 390 vinctumque
820 305 1027 392 restringit?

86 397 157 462 Rex
180 401 251 462 erat
275 416 352 480 ergo
376 395 495 459 iterum
518 415 638 480 magna
662 395 701 459 de
723 393 801 458 felle
823 395 976 478 repletus

86 486 319 570 Praecepitque
343 484 404 549 viri
427 505 539 548 carnes
562 483 649 548 ferro
673 483 819 548 lacerari.

86 573 149 639 Ille
167 579 278 639 tamen
298 577 408 658 grates
429 570 561 637 Christo
579 571 721 636 referens
742 592 870 655 quoque
888 571 925 636 in
944 574 1021 640 alto

17 678 68 729 175
87 663 174 729 Illud
197 662 390 727 Dauidicum
414 683 545 726 carmen
566 659 726 724 reboabat
749 660 790 724 ab
815 681 884 724 ore:
1125 680 1174 723 11

89 750 187 816 ‘Nam
211 754 334 835 gentes,
358 750 496 832 domine,
519 748 692 813 advenient
715 748 873 832 templum
892 749 1022 816 violare

88 839 348 924 Concertantque
372 844 464 904 tuum
488 858 624 922 propere
647 858 834 922 percurrere
859 859 1000 922 regnum

87 928 264 993 Pomorum
287 928 322 991 in
345 948 470 991 morem
493 924 661 1010 Solymam
684 946 814 990 servare
836 925 998 993 volentes.

89 1015 263 1081 Servorum
286 1036 414 1098 quoque
438 1035 574 1096 corpora
597 1014 701 1078 multa
724 1013 839 1079 dedere
861 1018 998 1082 tuorum

18 1120 69 1170 180
87 1103 268 1170 Innumeris
292 1124 405 1167 carnes
428 1103 543 1166 avibus
566 1103 710 1168 lacerare
732 1106 918 1188 perempnis

89 1191 347 1276 Sparseruntque
370 1190 527 1255 cadavera
550 1190 713 1256 morsibus
737 1213 810 1256 ecce
830 1190 998 1258 ferarum?

88 1279 150 1344 His
174 1279 269 1344 dietis
292 1301 348 1344 rex
371 1279 467 1343 iussit
491 1301 564 1344 eum
587 1279 703 1362 punire
725 1279 895 1345 ministros

88 1368 133 1432 Et
156 1390 263 1432 ceram
287 1367 487 1452 sulphurque
510 1367 679 1452 picemque
703 1368 883 1453 oleumque,
906 1370 1054 1437 resinam

88 1456 244 1522 Perfundi
266 1456 390 1541 pariter
412 1456 590 1540 liquefacta
613 1456 647 1520 in
670 1457 790 1521 vertice
814 1459 930 1523 sancti.

20 1561 70 1612 185
90 1547 169 1611 Inde
193 1545 244 1611 dei
266 1545 389 1611 famulo
414 1546 522 1610 clarus
546 1567 622 1609 mox
645 1546 782 1630 angelus
806 1549 917 1610 astans

89 1635 234 1720 Diripuit
257 1634 385 1720 magnis
408 1634 502 1699 illum
525 1656 588 1718 quo
612 1637 759 1718 tempore
782 1635 905 1719 poenis.

90 1723 228 1789 Sanctus
248 1723 307 1789 ait:
331 1722 410 1788 ‘Ubi
429 1727 568 1808 suntque
587 1722 696 1787 minae
715 1744 853 1808 magnus
871 1722 964 1788 furor
983 1727 1105 1812 atque?

90 1811 245 1898 Corporis
268 1834 341 1877 ecce
364 1813 428 1876 mei
451 1815 547 1876 teneo
571 1832 725 1897 magnam
748 1811 936 1877 levitatem?
1047 1876 1057 1895 ‚
1120 1832 1133 1873 1,
1143 1817 1166 1870 u‘

88 1900 187 1966 Plebs
212 1923 290 1986 ergo
313 1902 393 1966 haec
417 1922 550 1965 cernens
575 1900 643 1965 alta
665 1901 713 1965 sic
734 1921 812 1966 voce
833 1900 998 1984 profatur:

20 1989 130 2056 19οὋ
153 2012 223 2072 rex,
245 1990 358 2072 linque
381 1989 547 2053 hominem
576 1988 699 2053 iustum
724 1991 936 2072 sanctumque
960 1992 1106 2075 remitte3

90 2078 187 2142 Adsit
208 2099 349 2162 namque
372 2076 450 2141 deus
473 2077 524 2140 illi
547 2078 644 2142 modo
669 2075 946 2161 Christicolarum,

91 2164 152 2241 Qui
174 2165 271 2228 fortis
295 2186 372 2229 vero
395 2163 490 2228 valde
515 2167 574 2248 011,
599 2169 752 2249 operatur
775 2165 899 2231 111110.

90 2251 214 2317 Idcirco
238 2251 362 2336 poteris
385 2273 554 2335 nunquam
577 2253 642 2317 sibi
666 2253 793 2320 demere
817 2253 939 2320 vitam?

91 2340 180 2404 Haec
203 2345 283 2405 tnnc
305 2340 430 2404 interea
453 2341 577 2405 cunctis
600 2343 786 2409 volentibus
809 2343 876 2408 illis

22 2443 72 2495 195
91 2429 176 2494 Ecce
193 2435 317 2497 tremor
337 2429 446 2496 subito
466 2451 605 2516 magnus
624 2452 751 2517 quoque
770 2432 875 2498 factus
896 2433 936 2497 ab
950 2433 1018 2500 imo

91 2518 227 2584 Prosilit
250 2525 284 2586 et
306 2519 403 2586 tellus
427 2519 551 2604 passim
574 2542 731 2586 concussa
754 2521 936 2605 dehiscens3

92 2606 217 2674 Tantus
242 2610 453 2674 01111111101
476 2610 532 2674 ille
555 2608 632 2693 fuit,
656 2609 742 2694 quod
764 2632 840 2694 pars
864 2614 1045 2676 moreretur

92 2695 201 2760 Tertia
224 2718 283 2779 per
306 2698 463 2782 populum
486 2698 596 2763 ferme.
635 2697 718 2762 Tum
742 2719 861 2780 rexque
884 2699 1076 2766 tremiscens

91 2784 235 2870 Fugerat
258 2783 397 2866 hincque
418 2785 550 2850 domum
573 2785 694 2869 repetit
716 2787 814 2868 atque
837 2787 973 2870 angelus
996 2788 1085 2854 infit:

22 2888 73 2939 aoo
93 2871 244 2956 ‘Incipite
267 2871 302 2934 in
325 2869 492 2934 dominum
516 2873 623 2936 cuncti
647 2894 705 2937 vos
728 2871 857 2936 credere
881 2872 1060 2961 Christum,

93 2963 270 3027 Aeternam
293 2957 419 3022 utiam
441 2959 576 3039 possitis
600 2959 676 3024 hinc
699 2960 856 3044 prendere
875 2961 998 3027 vitam?
1124 2979 1168 3024 ru

92 3051 252 3114 Indurans
276 3047 394 3112 iterum
416 3045 513 3108 iussit
536 3067 593 3110 rex
616 3047 732 3112 tollere
755 3047 878 3113 iustum

93 3139 202 3223 Atque
227 3139 413 3202 catenatum
435 3133 575 3217 ferrique
598 3134 634 3198 in
656 3135 799 3218 pondere
821 3159 972 3220 pressum

169 3370 218 3419 173
239 3360 444 3433 ‘precepitque’
500 3332 553 3416 170
570 3359 709 3415 ‘recubat’
731 3360 750 3414 b
770 3379 905 3431 superscr.
963 3368 1108 3422 1781011-

94 3435 181 3487 mam'
241 3439 292 3489 185
307 3433 437 3490 ‘aestans'
495 3437 547 3487 los
562 3432 738 3500 ‘numquam'
794 3439 846 3488 202
862 3435 978 3490 ‘iustum
993 3438 1106 3494 tollere'

94 3519 273 3559 numerorum
294 3512 307 3560 1
328 3509 358 3561 et
376 3512 391 3560 2
410 3503 485 3560 notis
504 3502 727 3574 superimpositis
