2422 3976
397 186 444 246 IV.
471 188 519 242 DE
538 187 735 242 ADUERBIO.
1015 190 1073 254 157

55 340 291 425 numquidnam
322 340 443 423 poteris
471 340 519 403 ita
540 361 723 422 conponere
744 343 831 405 uenit
852 340 966 405 uelde?
999 341 1075 404 alio-

57 427 137 511 quin
161 424 322 508 quomodo
344 425 539 488 sententiam
558 424 789 508 intellegetur?
823 424 956 488 dicimus
978 425 1074 489 etiam

50 517 124 576 tam
145 510 228 574 docti
251 514 283 573 et
304 513 371 572 tum
391 509 518 574 celoces.
560 509 645 572 unde
673 513 706 574 et
733 509 797 589 hii,
828 509 882 592 qui
910 530 978 573 non
1004 513 1075 573 octo

51 595 122 660 sed
145 593 254 678 plures
288 593 443 657 orationis
476 597 585 677 partes
618 614 826 658 annumerare
858 593 987 671 uolunt,
1025 598 1076 656 ad-

55 679 203 744 uerbium
225 678 260 741 in
283 677 362 741 duas
384 681 491 761 partes
514 677 678 761 diuidunt,
700 699 798 742 unam
820 679 926 760 prisco
946 677 1076 742 nomine
1101 699 1114 737 a

49 764 246 828 aduerbium
268 767 437 843 uocantes,
460 762 593 826 alteram
609 762 850 846 expressorium.
888 762 1007 826 etenim
1023 762 1076 825 ad-

53 847 180 925 uerbia,
204 867 287 930 quae
309 845 495 910 nominibus
517 846 571 910 uel
593 846 664 909 aliis
688 846 848 910 aduerbiis
869 847 1074 930 applicamus,

54 934 211 997 nontam
234 931 476 995 adiunctionem
498 930 643 1010 solitam,
666 951 762 1015 quam
783 952 934 996 sensuum
950 952 1077 1014 expres·

56 1018 182 1081 sionem
211 1015 406 1100 significant.
444 1015 631 1080 aduerbium
652 1016 805 1080 aduerbic
827 1014 984 1080 adherens
1007 1016 1076 1079 sine

50 1102 287 1184 conparatione
308 1099 415 1184 aliqua
434 1100 475 1163 ad
497 1099 745 1164 affirmationem
759 1103 887 1164 tantum
901 1100 1077 1184 pertinebit
1091 1122 1116 1159 ιο

53 1189 92 1250 ut
119 1190 187 1250 tom
215 1185 308 1266 dipae
335 1191 368 1247 et
394 1184 488 1250 calda
514 1185 654 1250 uiriliter
682 1188 715 1249 et
743 1186 823 1250 sctis
842 1185 958 1267 pulcre.
995 1189 1078 1249 unde

55 1290 123 1334 non
150 1289 288 1353 paruum
319 1274 428 1333 errant
450 1270 505 1353 qui
527 1275 556 1334 et
577 1269 838 1334 coniunctionem
861 1269 1078 1353 copulatiuam

54 1356 286 1437 interponunt,
308 1357 345 1416 ut
366 1355 409 1417 sit
430 1355 509 1419 sotis
530 1359 560 1418 et
575 1354 716 1436 pulchre.

142 1437 376 1502 Aduerbierum
397 1438 592 1523 significatio
615 1438 803 1503 multimoda
818 1440 875 1502 est.
913 1437 968 1502 sed
984 1437 1077 1501 multi

51 1522 244 1587 existimant
265 1522 355 1586 nulla
369 1521 520 1587 aduerbia
535 1543 575 1587 ex
590 1523 763 1587 sesenasci
778 1530 889 1606 posse:
912 1544 988 1586 nam
1003 1543 1077 1586 cum
1091 1541 1115 1580 15

52 1607 137 1671 dicis
165 1606 353 1671 aduerbium
381 1608 550 1692 separandi
576 1626 731 1689 seorsum,
761 1607 862 1671 habes
891 1627 1010 1670 nomen
1040 1627 1078 1670 ex

51 1712 120 1776 qno
142 1695 310 1771 nascatur,
337 1694 373 1754 ut
395 1695 444 1756 est
464 1711 591 1774 secrete,
619 1691 681 1755 hoc
704 1691 830 1774 estqui
852 1711 886 1754 se
908 1691 1015 1773 ipsum
1037 1690 1077 1754 ab

56 1777 201 1840 humano
235 1779 362 1859 separat
394 1777 573 1841 consortio:
606 1777 690 1840 sicut
723 1778 756 1840 et
788 1776 921 1856 odorae,
955 1774 1011 1857 qui
1044 1794 1078 1837 se

54 1861 164 1944 ipsum
184 1859 226 1924 ad
241 1860 386 1924 omnium
407 1881 464 1924 ora
486 1860 627 1925 ostendit
648 1861 738 1924 iuxta
757 1859 837 1923 illud
854 1858 1078 1924 Ciceronis:

54 1947 85 2010 si
104 1945 226 2026 perator
245 1945 351 2026 fuero,
374 1945 510 2010 odorum
531 1944 718 2025 arefaciam
732 1944 894 2022 mattea
915 1945 968 2008 sla
982 1943 1075 2020 alios,
1091 1964 1117 2004 ao

51 2047 168 2095 seurus
199 2028 339 2112 efficior,
371 2031 484 2094 timens
512 2050 560 2094 me
588 2029 790 2094 conuentibus
815 2029 939 2093 tradere
959 2028 1076 2109 perito-

53 2133 140 2178 reem.
177 2114 274 2178 simul
295 2112 482 2177 aduerbium
504 2113 740 2198 congregandi,
763 2118 848 2177 etex
864 2112 1076 2176 similitudine

56 2197 214 2264 nascitur.

143 2281 239 2345 Multi
261 2280 442 2346 obtendunt
463 2283 558 2348 nobis
579 2282 815 2366 quaestionem,
843 2281 1003 2365 quomodo
1025 2281 1079 2345 ad-

56 2367 142 2430 iecta
162 2365 294 2429 nomina
315 2387 355 2430 ex
376 2365 534 2431 aduerbiis
549 2369 660 2432 uenire
675 2365 860 2447 uideantur,
882 2367 1017 2445 utheri,
1041 2387 1079 2430 ex
1093 2385 1118 2424 aa

58 2471 123 2534 quo
145 2450 323 2529 hamanum
344 2451 450 2533 hodie,
474 2451 559 2516 unde
581 2452 768 2530 hodiernum
790 2470 879 2532 eras,
902 2450 986 2514 unde
1008 2470 1079 2517 ero·

55 2536 176 2614 atinus·
202 2533 380 2599 debuerant
409 2536 496 2600 enim
523 2536 627 2621 magis
654 2535 806 2599 aduerbia
834 2556 873 2599 ex
894 2535 1080 2599 nominibus

58 2619 160 2686 nasci.
199 2640 296 2702 super
317 2620 379 2683 hoc
401 2623 577 2685 Aeneam
599 2619 763 2684 consulere
785 2641 836 2684 me
850 2619 1001 2701 memini,
1025 2619 1080 2703 qui
1099 2687 1102 2692 ,

57 2703 141 2767 mihi
163 2703 347 2786 respondit,
370 2704 455 2786 quod
477 2706 540 2769 nisi
561 2705 680 2769 usitate
696 2703 890 2768 consuetudo
904 2703 984 2768 haec
999 2706 1080 2767 tem-

56 2787 146 2870 poris
161 2786 314 2852 aduerbia
330 2809 397 2852 esse
413 2789 608 2872 tradidisset,
624 2788 816 2872 temporalia
830 2789 933 2872 magis
948 2789 1081 2852 nomina
1094 2806 1119 2845 30

57 2875 91 2936 et
124 2874 316 2955 monoptota
344 2873 503 2938 credenda
532 2875 655 2955 forent,
691 2871 775 2937 unde
803 2874 883 2936 haec
911 2873 1082 2936 diriuatiua

57 2960 275 3021 nascerentur.
314 2960 347 3020 et
365 2979 409 3022 ne
432 2959 482 3022 sui
505 2959 607 3043 ipsius
621 2978 768 3042 promere
783 2957 979 3021 sententiam
993 2956 1081 3020 uide·

58 3045 163 3120 retur,
193 3041 374 3124 aquodam
396 3063 430 3107 se
453 3065 527 3107 sene
550 3042 655 3107 Iulio
677 3043 807 3106 doctore
829 3041 976 3105 didicisse
999 3061 1082 3104 asse-

96 3308 103 3320 ·
129 3248 141 3294 1
162 3241 360 3319 numquitnem
379 3244 413 3298 N
453 3244 560 3311 aliqnin
583 3243 617 3298 N
631 3258 700 3298 cerr.
719 3243 784 3297 Mai
799 3244 809 3311 11
827 3250 842 3296 3
860 3242 972 3296 velocet
990 3241 1024 3295 N
1038 3242 1082 3318 115

79 3324 152 3362 risco
171 3313 192 3369 (ι
208 3326 243 3364 ex
255 3311 281 3378 e)
300 3309 335 3365 N
343 3311 381 3378 16
438 3312 599 3366 verbiorum
617 3311 651 3365 N
660 3313 670 3380 11
683 3311 875 3380 expresorinm
892 3309 925 3364 N
935 3311 944 3377 11
957 3325 1082 3363 eccemm

107 3376 142 3442 cs.
156 3377 287 3446 Except.
300 3378 339 3446 18
358 3394 469 3432 sensnm
488 3380 522 3435 N
535 3394 603 3438 corr.
616 3379 680 3433 Mai
692 3380 702 3448 11
717 3385 745 3432 11
764 3378 862 3449 pulcre
880 3378 915 3432 N
922 3378 932 3445 11
947 3383 977 3432 18
990 3377 1083 3430 adoris

58 3477 93 3530 N
108 3492 177 3533 corr.
193 3478 258 3533 Mai
270 3480 280 3547 l
293 3483 326 3532 a?
346 3460 501 3534 debuerant
517 3481 554 3539 Ν.
