2354 3946
116 153 160 217 50
409 151 469 221 ,lu
499 149 588 206 VITA
607 148 635 204 S.
652 147 823 205 AGNETIS.

45 333 97 381 ara
117 313 237 399 Aptior
260 316 297 377 ut
320 313 434 378 multis
457 312 551 376 fieret
574 312 632 377 sed
653 333 751 377 causa
774 311 901 397 salutis,
1137 380 1140 385 ,

115 401 243 467 Vulnus
268 404 301 466 in
325 423 420 467 omne
444 422 573 466 sacrum
595 422 713 484 corpus
737 400 882 466 desaevit
905 400 1071 479 inillam.

118 490 263 557 Consilio
288 513 370 574 quae
393 490 479 554 freta
502 511 560 554 suo
585 488 728 573 perrexit
752 489 897 575 adusque

117 579 265 665 Virginis
292 579 462 644 altithroni
486 579 646 644 tumulum
670 578 840 643 benefida
863 577 975 643 saluti.

118 668 220 745 Quem
246 680 345 732 secus'
362 667 555 732 accumbens
577 666 654 731 fidei
678 666 755 730 dum
777 669 857 732 vota
879 671 1032 752 rogaret,

46 777 98 826 380
117 758 265 822 Dulcitcr
288 759 322 821 in
346 777 495 821 somnum
518 755 596 819 felix
619 754 781 838 requievit
802 755 1001 821 habendum.

117 846 194 911 Mox
218 850 327 910 astare
350 847 443 929 polos
468 844 580 930 Agnes
604 865 738 929 egressa
760 843 890 909 videtur

117 935 162 1000 Et
185 935 267 999 bene
292 933 387 998 docta
411 955 504 996 suam
526 932 617 996 fatur
639 931 772 996 hortata
796 953 957 997 sororem:

118 1022 176 1086 ‘Ut
199 1025 389 1086 constanter
413 1042 502 1104 agas,
526 1019 732 1103 Constantia,
755 1023 835 1085 vota
857 1041 1025 1106 capessas,

118 1109 257 1175 Oredula
280 1130 365 1172 nunc
388 1108 457 1190 fias,
481 1107 604 1171 domini
627 1112 698 1173 tum
721 1109 787 1173 fida
809 1108 919 1173 saluti.

47 1197 209 1266 seclusus
234 1197 339 1279 adest,
362 1217 481 1260 nomen
505 1196 595 1260 ouius
620 1199 765 1262 salvator
787 1195 984 1263 honestum?

117 1285 195 1349 Mox
219 1305 317 1367 sopor
340 1287 438 1367 atquo
463 1284 556 1348 dolor
578 1285 687 1350 varios
711 1286 854 1351 habuere
877 1306 1043 1352 recessus:

118 1373 257 1439 Somnus
282 1374 365 1456 abit,
388 1372 445 1437 sed
468 1372 601 1438 morbus
626 1373 706 1438 obit.
751 1373 831 1440 Post
853 1374 942 1439 facta
965 1397 1101 1442 reversa

117 1463 169 1527 Ad
193 1461 296 1548 patris
321 1483 477 1527 accessus.
515 1461 637 1526 Urbem
661 1484 737 1526 mox
759 1462 848 1527 fama
871 1468 1024 1547 coronat3

118 1551 245 1617 Gaudia
268 1551 455 1635 succedunt3
478 1572 627 1635 proceres
651 1556 685 1615 et
707 1551 836 1636 vulgus,
860 1552 896 1615 in
918 1553 1036 1618 urbem

48 1661 100 1709 390
118 1640 219 1705 Fama
241 1641 338 1724 pedes
362 1638 691 1725 quocunquetrahit,
715 1640 879 1705 laetantur
901 1640 937 1703 in
959 1662 1074 1707 unum.

119 1729 180 1794 His
204 1752 338 1795 accensa
359 1730 440 1793 fides
464 1727 587 1793 domini
610 1729 785 1792 sucorescit
806 1728 841 1792 in
863 1728 977 1792 horas:
1061 1774 1065 1797 ι

118 1817 296 1883 Daemonis
320 1841 410 1884 error
435 1818 517 1902 abit,
540 1816 616 1881 fidei
639 1817 824 1881 constantia
845 1817 951 1881 floret.

119 1906 250 1972 Interea
273 1908 411 1992 supplex
434 1906 557 1971 domini
581 1905 728 1990 deposcit
751 1905 880 1988 asylum

118 1996 330 2061 Aedificaudo
353 2018 474 2060 novum
497 1996 567 2059 fieri
591 1991 786 2058 Constantia
809 1997 937 2077 patrem

48 2102 100 2151 395
119 2083 274 2168 Martyris
297 2085 332 2147 in
356 2084 449 2166 dono,
472 2083 592 2162 meruit
616 2082 829 2147 medicamina
853 2082 953 2147 ouius.

119 2171 180 2235 His
205 2174 310 2235 alatus
333 2171 439 2235 honor
460 2170 536 2233 fidei
559 2175 715 2234 vacuatus
740 2173 773 2235 et
796 2192 899 2236 error:

120 2258 215 2322 Orbis
241 2259 274 2322 iu
297 2259 452 2340 ambages
477 2278 607 2340 sparsas
632 2257 748 2322 direxit
769 2260 924 2323 habenas.
1001 2258 1003 2262 ⁴

119 2344 288 2409 Morbidus
313 2349 512 2409 exstructum
535 2348 663 2427 peteret
686 2347 868 2431 quicunque
892 2348 1095 2435 sepulcrum,

121 2433 206 2497 Tota
229 2433 361 2498 domum
384 2436 533 2517 repetens
557 2437 692 2498 sanatus
716 2436 863 2500 membra
885 2437 1024 2502 redibat.
1155 2464 1167 2503 r.

49 2541 102 2590 400
120 2522 243 2606 Pignus
268 2521 386 2605 adepta
410 2544 538 2587 sacrum
561 2522 636 2586 fidei
660 2521 856 2589 Constantia
878 2525 987 2588 velum

122 2609 270 2694 Sumpsit
293 2609 413 2674 habere
437 2634 549 2677 recens
573 2613 694 2677 sacrati
716 2613 859 2677 nominis
884 2613 986 2677 heres.

121 2698 148 2764 Ο
173 2699 269 2763 de'cus
293 2698 460 2783 eximium,
485 2723 622 2766 vernans
647 2700 796 2766 diadema
819 2700 962 2785 pudoris,

120 2787 315 2874 Virginitas,
337 2809 419 2870 quae
443 2794 559 2854 cuncta
581 2789 681 2872 vales,
704 2791 781 2873 quia
804 2791 903 2874 digna
927 2793 1073 2876 mereris„

122 2876 220 2961 Quae,
243 2897 367 2962 precor,
390 2877 523 2944 edoceas
546 2877 727 2960 indoctum,
752 2879 880 2943 conscia
904 2876 1048 2962 Christo,

48 2984 102 3033 405
123 2963 174 3030 Sit
196 2965 301 3031 virtus
325 2964 492 3048 aequanda
515 2969 590 3030 tuos
613 2965 649 3028 in
674 2967 815 3030 carmine
838 2967 945 3032 fiores.

121 3052 209 3118 Nam
232 3055 296 3118 tibi
318 3053 486 3118 blanditur
509 3053 584 3117 fidei
608 3053 794 3117 constantia
816 3053 923 3135 fortis,

122 3139 202 3227 Spes
226 3142 289 3206 tibi
313 3141 510 3227 congaudet,
534 3140 659 3206 Christi
683 3140 812 3205 dilectio
835 3142 971 3223 praebet

193 3327 245 3425 37d
262 3369 394 3425 ‘deseuit’
447 3374 498 3423 37⁷
515 3368 563 3422 ‘ad
581 3365 680 3433 usqua’
733 3369 782 3418 381
801 3366 937 3421 ‘adstare'
989 3375 1042 3423 390
1058 3371 1140 3440 ‘quo-

121 3442 253 3511 cumque'
322 3445 384 3495 398
405 3439 587 3494 ‘extructum'
614 3435 794 3506 ‘quicumque
820 3437 1010 3506 sepulchrum'
1084 3449 1138 3498 401

122 3512 244 3568 ‘haeres'
301 3517 353 3566 405
374 3511 526 3580 ‘equando'
