2354 3946
94 120 140 184 40
407 116 456 173 IV.
481 116 570 171 VITA
589 114 616 172 S.
634 112 804 171 leuans.

42 299 78 348 46
98 279 284 345 Admittam
306 302 347 344 nc
370 279 457 344 torte
480 280 586 343 virum
608 278 675 342 iam
697 279 1008 367 praetereundum

97 368 207 434 Induit
231 374 345 433 aurato
370 367 503 451 cyclada
527 366 708 432 subtemine
730 367 875 450 textam3

97 458 313 542 Irreputanda
336 457 386 522 sui
411 458 597 520 monstrans
620 453 755 520 donaria
777 455 872 538 pacti

99 545 139 611 Se
164 546 245 610 mihi
268 546 435 632 promisit,
458 565 583 608 servem
607 543 636 608 si
657 543 744 625 iura,
768 541 940 610 daturum.

99 635 160 700 His
185 635 285 699 alium
310 633 483 715 (detenta)
507 633 613 697 virum
636 631 804 696 redamare
826 633 993 716 nequibo.

45 741 80 790 6ο
100 723 233 810 Organa
256 722 371 806 <dulce
395 721 497 803 mihi>
520 721 656 806 longum
678 718 871 784 resonantia
894 720 1068 810 clangunt

97 811 355 897 Virgineumque
378 811 491 894 melos,
515 809 605 874 cuius
629 806 802 873 hincinde
825 809 977 875 resultat
1144 831 1157 871 r

99 900 245 984 Clangor
268 905 301 964 et
324 903 484 964 arrectam
508 898 634 962 sonitus
658 896 820 961 demulcet
842 902 1032 966 amantem.

98 986 206 1052 Mellis
230 988 271 1052 ab
296 1009 351 1052 ore
375 986 456 1050 mihi
478 989 592 1050 nectar
614 986 681 1051 iam
704 984 797 1049 fluxit
820 987 854 1048 et
876 986 972 1051 unda

71 1126 75 1132 .
99 1076 180 1140 Eius
204 1079 237 1139 et
260 1074 417 1138 albicolor
440 1074 595 1138 membris
617 1074 684 1138 iam
707 1073 825 1157 iungor
847 1072 972 1159 eidem,

45 1176 80 1229 66
100 1161 239 1245 Compta
263 1182 363 1245 genas
387 1161 486 1225 etiam
510 1161 601 1225 cuius
625 1162 664 1227 de
688 1161 846 1247 sanguine
869 1183 987 1248 verno,

98 1251 204 1334 Virgo
228 1253 338 1314 manet
361 1249 451 1314 cuius
476 1249 639 1335 genetrix,
663 1251 752 1316 cuius
775 1254 870 1332 pater
892 1271 1017 1336 expers

99 1337 256 1423 Coniugis
279 1337 422 1421 exsistit,
445 1338 567 1423 iugiter
591 1339 644 1404 cui
666 1342 762 1403 noete
786 1337 900 1423 dieque

100 1423 240 1510 Spiritus
265 1427 431 1512 angelicus
454 1427 556 1491 servit
579 1449 652 1492 cum
676 1427 771 1510 plebe
795 1425 910 1492 salutis
934 1464 981 1476 -

99 1514 243 1600 Delapsa
268 1516 392 1581 decimo
417 1516 517 1581 servit
540 1516 735 1582 novenarius
759 1514 838 1579 ordo
862 1551 920 1598 —,

46 1621 82 1670 6ο
102 1603 201 1669 (iuius
225 1626 355 1669 enorme
378 1604 475 1669 decus
499 1627 654 1689 quorsum
677 1604 838 1668 mirantur
861 1607 895 1667 et
918 1625 1082 1693 usquam,

100 1692 194 1757 Luna
217 1694 314 1758 simul
339 1717 412 1759 eum
436 1694 513 1777 sole,
537 1696 635 1778 caput
659 1693 715 1777 qui
738 1690 848 1756 condit
869 1691 905 1755 in
927 1695 1050 1780 undas,

101 1781 242 1865 Fertque
266 1781 368 1847 refert
391 1804 532 1866 sursum,
555 1803 667 1846 roseus
691 1782 767 1845 dum
791 1780 898 1865 surgit
920 1780 955 1845 in
981 1784 1109 1870 orbem,

102 1868 203 1936 Cuius
228 1893 306 1956 opes
329 1892 494 1955 nunquam
518 1875 626 1937 restes
649 1891 708 1934 nec
730 1869 794 1933 fine
817 1868 982 1952 peribunt.

101 1959 186 2025 Huic
210 1960 273 2025 soli
296 1982 452 2025 conservo
475 1959 586 2043 fidem,
610 1958 778 2024 committo
801 1957 974 2040 pudorem,

48 2062 83 2113 66
103 2047 173 2124 Quo
198 2053 306 2113 castor
330 2049 427 2131 culto,
449 2051 538 2112 tacto
563 2070 626 2132 quo
650 2047 788 2111 mundor
810 2046 852 2110 ab
875 2045 968 2130 ipso?

103 2136 237 2200 Talibus
262 2137 379 2199 orabat
402 2136 497 2198 dictis
521 2135 568 2198 sie
591 2136 685 2218 virgo
708 2133 827 2218 perita,

102 2224 256 2286 Rhetoris
279 2223 314 2286 in
337 2243 461 2286 morem
484 2222 620 2287 haustos
643 2223 806 2287 referebat
829 2243 956 2287 amores

101 2309 335 2392 inversumque
359 2330 435 2373 suos
459 2309 613 2374 ructabat
636 2309 755 2375 adorsa
777 2314 920 2394 rotatus3

101 2396 175 2461 Vox
199 2397 343 2461 animum
367 2396 512 2481 sequitur
536 2397 631 2463 siccis
654 2421 715 2464 neo
738 2399 886 2465 faucibus
909 2399 1019 2464 haesit

48 2502 84 2552 '10
102 2485 292 2570 interrupta
315 2486 420 2550 fluunt
442 2485 531 2551 vocis
553 2509 614 2552 nec
637 2489 737 2553 verba
759 2489 892 2554 relatus.

102 2573 164 2637 His
188 2573 334 2638 animum
357 2575 481 2640 fractus
504 2575 630 2642 iuvenis
653 2577 793 2642 tabescit
816 2577 850 2641 in
872 2577 971 2641 horas

103 2659 268 2726 Sternitur
292 2666 388 2747 atque
412 2667 495 2748 toro,
518 2666 638 2748 plumis
662 2665 797 2729 fulcitur
820 2668 853 2728 et
876 2669 977 2746 ostro,

104 2751 258 2833 Aestuat,
281 2754 445 2834 aegrotat,
469 2754 609 2837 suspiria
632 2753 732 2837 longa
754 2751 950 2834 frequentat.

103 2838 257 2904 Ineautus
282 2837 427 2902 desaevit
450 2859 542 2903 amor
565 2843 742 2903 tenuantur
764 2841 797 2901 et
820 2839 920 2915 artus,

49 2942 84 2994 to
105 2926 258 3011 Corporis
281 2925 400 2991 insedit
423 2925 544 2989 teneris
569 2927 646 3010 quia
668 2925 800 2989 flamma
822 2924 982 2992 medullis

103 3014 274 3080 Paeonicis
297 3014 430 3080 tandem
453 3012 588 3077 medicis
612 3012 759 3097 quaesita
782 3014 922 3096 patescit

101 3176 316 3188 ———-.--

174 3265 209 3314 46
230 3258 319 3357 ‘epoto
339 3290 372 3301 -
390 3257 549 3314 subtemiae‘
606 3261 640 3310 47
658 3255 706 3308 ‘Ia
723 3255 892 3324 repataada'
948 3263 983 3312 48
1003 3259 1118 3329 ‘promia

101 3346 251 3385 -scroem
336 3336 371 3385 49
391 3329 534 3385 ‘dc..tu’
608 3332 642 3382 50
662 3325 706 3380 ‘de
725 3356 758 3365 —
777 3327 839 3381 aar
914 3332 948 3380 66
969 3329 1114 3396 ‘genitrix'

102 3404 137 3454 67
159 3399 277 3456 ‘existit'
355 3406 390 3455 63
411 3398 586 3470 ‘numquam'
666 3402 699 3451 67
721 3395 874 3452 ‘Rethoris’
954 3403 987 3452 72
1008 3399 1114 3456 ‘thoro'

103 3475 138 3526 ‘14
158 3470 289 3527 ‘deserit'
365 3476 398 3527 75
420 3470 562 3527 ‘madalis'
637 3474 670 3524 76
690 3467 860 3523 ‘Paeonicis'
