2354 3946
388 210 435 269 IX.
463 211 553 267 VITA
576 211 603 266 S.
622 210 776 267 srsnsnl.
1028 213 1091 278 149

80 375 231 440 animam.
278 372 372 439 Hanc
396 375 482 438 enim
506 372 561 458 qui
589 374 786 457 considerat,
815 377 848 438 et
875 375 995 458 inquo
1019 398 1092 441 con-

80 463 215 547 siderat,
246 463 287 527 ab
318 484 355 527 eo
384 463 570 528 coinnatam
598 485 664 528 non
692 463 835 527 adfectat
863 464 1092 553 eloquentiam,

79 556 113 616 et
140 573 238 635 quam
265 551 440 617 verborum
471 551 551 631 [vim
578 551 613 615 in
636 551 804 632 Cicerone]
834 554 1025 636 contemnit,
1057 555 1092 618 in

79 640 225 724 parvulis
259 661 325 704 non
357 640 502 724 requirit.
552 638 689 705 Accedit
720 640 819 705 etiam
850 641 926 705 huic
957 642 1090 727 negotio

81 728 171 793 aliud
189 749 256 794 non
274 729 463 811 taciturum,
487 729 577 812 quia,
600 750 682 813 quac
702 729 913 812 speculantur
932 730 999 794 siva
1018 753 1091 795 con-

81 816 245 900 cipiuntur
276 817 313 880 in
344 816 565 881 intellectibus
595 817 831 900 verborumque
863 819 1092 901 parturiuntur

79 905 260 990 effectibus,
292 905 398 990 magis
426 906 467 969 ad
495 905 743 989 parturiendum
769 905 844 970 fidei
874 907 1009 971 verbum
1039 908 1092 971 ad·

77 994 199 1059 fectum
224 993 369 1058 excitant
392 993 500 1058 animi.
544 992 591 1058 Et
614 993 700 1078 quod
724 1016 762 1058 ex
786 995 894 1058 animo
918 995 1092 1078 invenitur,

78 1082 247 1148 iucundius
280 1104 379 1166 quam
410 1082 457 1166 id,
489 1082 573 1146 unde
604 1081 632 1146 is
664 1082 861 1148 informatur
889 1088 922 1148 et
953 1085 1091 1149 struitur

79 1171 215 1238 animus.
246 1169 334 1235 Nam
353 1173 462 1235 cetera
479 1169 547 1234 fere
565 1171 693 1255 caduca,
711 1172 858 1236 labantia
872 1176 905 1236 et
922 1173 1092 1238 instabilia

79 1262 169 1344 sunt,
190 1262 224 1322 et
242 1259 271 1324 si
290 1259 332 1324 ad
349 1258 501 1324 fortunae
521 1263 672 1325 eventum
691 1264 829 1344 spectas,
852 1283 956 1345 paene
976 1263 1091 1326 aliena.

78 1346 164 1412 Nam
193 1368 263 1412 cum
291 1351 402 1412 tecum
429 1348 464 1411 in
491 1348 612 1413 litteris
646 1369 790 1432 agerem,
823 1350 940 1433 quibus
974 1350 1090 1414 studiis

80 1436 223 1500 animum
247 1436 448 1501 assuefacere
468 1436 743 1501 commonefactus
763 1459 883 1519 essem,
903 1435 1090 1521 (nusquam)

79 1523 140 1608 his,
164 1545 245 1607 quae
269 1525 403 1590 scolaris
429 1546 545 1610 operae
570 1529 675 1606 erant,
699 1525 843 1589 animum
866 1525 988 1588 induxi.
1028 1525 1090 1589 Sed

79 1633 236 1677 concursu
258 1612 331 1698 ipso
355 1617 413 1677 tua
436 1635 487 1678 mc
510 1635 622 1677 rursus
645 1613 784 1677 retraxit
811 1613 985 1695 industria,
1014 1614 1091 1698 quia
1116 1689 1117 1692 Ἴ

76 1700 140 1765 hoc
163 1700 316 1766 studendi
339 1700 469 1766 adfectu
491 1701 574 1766 nihil
597 1701 763 1765 remissius
783 1704 816 1765 et
834 1702 932 1781 nihil,
952 1705 990 1765 ut
1008 1724 1090 1785 reor,

78 1788 291 1854 considerasti
313 1790 563 1855 inconstantius.
596 1789 754 1866 Quocirca
772 1789 814 1854 ad
832 1789 1016 1872 tomellum,
1036 1792 1091 1873 qui

77 1876 266 1960 plenissime
285 1877 412 1942 devita
431 1878 520 1943 beati
542 1877 599 1942 ·G·
622 1878 820 1962 inscribitur,
843 1877 983 1941 transire
1003 1899 1090 1942 com-

77 1966 201 2050 pulsus,
224 1966 259 2030 in
279 1988 342 2050 quo
361 1967 464 2032 veluti
487 1989 545 2050 per
569 1967 736 2050 speculum
759 1967 793 2030 in
819 1967 1004 2051 aenigmate
1022 1970 1089 2049 tua,

78 2051 216 2138 Christe,
238 2055 405 2140 magnalia
424 2059 494 2119 erat
513 2055 727 2139 considerare,
744 2054 943 2121 hexametris
962 2076 1090 2139 persua-

79 2141 177 2207 debar
209 2143 257 2206 ire
290 2143 462 2208 conatibus
495 2147 528 2207 et
559 2141 724 2209 Daedaleo
757 2145 847 2227 operi
879 2144 1003 2229 plantis
1037 2144 1091 2207 ad·

78 2229 236 2315 iungebar
263 2231 560 2317 multiplicioribus.
607 2230 669 2296 Sed
694 2233 773 2317 quid
800 2233 971 2318 multiplex
999 2233 1091 2298 iuvat

77 2319 205 2403 planta,
224 2318 281 2383 ubi
301 2342 376 2383 rara
396 2320 491 2387 eundi
509 2323 559 2385 est
578 2321 761 2388 industria?
799 2321 862 2387 Sed
881 2344 984 2404 omne,
1004 2320 1090 2405 quod

79 2405 225 2493 efficitur,
253 2408 294 2472 ab
319 2408 479 2473 efficiente
506 2409 545 2474 fit
569 2410 718 2476 effectum
737 2415 775 2476 'et
801 2434 868 2476 non
890 2413 978 2476 valet
1005 2432 1090 2475 nunc

78 2568 289 2577 ———

150 2650 287 2706 ‘affectat’
303 2668 438 2720 superscr.
455 2653 492 2708 ‘n
508 2651 662 2707 desiderat’
674 2683 708 2694 —
720 2652 890 2706 ‘uerborum’
907 2668 1026 2720 sequens
1040 2669 1090 2707 vo-

80 2721 210 2775 cabulum
224 2739 241 2776 a
255 2722 352 2776 littera
364 2741 384 2775 n
397 2722 521 2792 incipere
529 2723 649 2790 videtur,
665 2724 742 2777 cuins
756 2739 773 2775 a
787 2723 908 2777 secundo
918 2722 1089 2778 lineamento

79 2789 265 2861 interpolator
280 2793 321 2846 ‘in
340 2809 405 2847 sene
424 2792 484 2848 sinc
503 2794 583 2849 rrTne’
599 2792 721 2863 scripsit.
755 2792 811 2846 Sub
831 2792 938 2846 duobus
958 2792 1089 2847 extremis

77 2862 222 2917 vocabulis
243 2879 346 2918 nomon
368 2864 514 2933 proprium
538 2865 627 2919 latera
649 2864 727 2919 rubri
746 2863 847 2919 coloris
864 2861 992 2932 vestigiis
1015 2863 1088 2917 indi-

79 2935 164 3001 catur,
185 2951 239 3003 quo
259 2933 387 3004 singulae
405 2934 527 3003 litterae,
546 2937 578 2990 ut
596 2934 669 2990 infra
687 2935 765 2990 vocis
780 2932 920 2988 ‘dedaleo’
938 2931 1088 2987 distinctae

78 3007 166 3058 erant.
190 3036 224 3044 -
250 3004 448 3074 ‘contempnit’
474 3037 507 3045 -
534 3005 688 3061 ‘affectum’
714 3038 750 3048 -
770 3004 939 3060 ‘iocundius'
960 3033 994 3043 -
1015 3004 1088 3058 ‘cac-

77 3075 149 3128 tera’
169 3105 204 3116 -
225 3076 380 3130 ‘euentum’
401 3075 521 3132 alterum
546 3092 561 3131 a
585 3093 720 3146 superior.
740 3109 773 3117 -
797 3077 863 3145 post
883 3074 1019 3144 ‘agerem'
1040 3089 1087 3128 vo-

78 3143 180 3199 cabula
196 3146 236 3200 ‘et
254 3146 294 3201 tc'
312 3147 416 3216 scripta
434 3146 521 3202 fuisse
539 3146 671 3202 videntur
692 3179 728 3190 -
747 3147 861 3216 ‘quibus
880 3144 991 3199 studiis’
1012 3144 1088 3214 prior

76 3231 132 3269 vox
153 3231 204 3284 per
227 3217 426 3301 compendium
449 3219 554 3287 scripta
577 3219 673 3301 minus.
693 3220 770 3273 clara
792 3248 826 3257 —
847 3215 1008 3298 ‘nusquam'
1034 3231 1087 3270 seo.

78 3301 220 3411 toln
237 3287 1088 3428 lttttutttttn‘ttnssstltlt“ttttttttt

75 3425 245 3522 polaverunt
268 3460 302 3470 -
322 3429 438 3484 ‘rursus’
465 3446 549 3499 supra
574 3431 677 3485 lineam
704 3431 828 3499 positum
852 3459 886 3469 -
907 3426 1032 3484 ‘affectu’
1054 3457 1087 3467 -

89 3496 268 3552 thomellum’
289 3527 322 3539 -·
344 3499 517 3556 ‘exametris’
539 3531 572 3542 -
593 3500 735 3556 ‘dedaleo’
757 3517 890 3570 superscr.
906 3498 937 3555 ‘i.
957 3498 1036 3556 duro’
1053 3531 1087 3539 -

77 3566 344 3637 ‘multiplitioribus’
