2354 3946
130 193 173 258 68
370 191 404 246 V.
433 187 585 245 GARMEN
603 188 654 244 DE
671 188 700 245 8.
715 187 904 256 QUIN'I'INO.

130 355 226 420 Hunc
250 354 359 420 animo
384 353 531 435 colimus,
553 351 640 416 hunc
662 351 758 418 corde
780 350 925 417 fatemur
949 357 985 418 et
1010 377 1068 421 oro

130 445 373 527 Hortamurque
397 441 480 506 alios
502 439 671 505 nobiscum
695 440 825 505 credere
847 440 883 505 id
903 440 1039 525 ipsum?

131 533 286 617 Alloquio
310 531 401 597 cuius
425 529 502 594 dum
524 528 636 593 taliter
658 528 694 593 hi
715 528 912 614 fruerentur,

131 621 340 707 Cognoscunt
363 620 431 685 eius
456 621 597 682 mentem
621 621 776 702 exoptare
799 618 948 686 salutem.

63 727 112 777 190
131 712 215 775 Tum
239 709 349 775 senior
371 730 431 792 pro
454 729 490 772 re
513 706 657 771 lacrimis
680 706 728 770 ita
749 705 840 770 fatur
863 707 1005 774 obortis:

131 799 205 864 ‘Ter
228 798 325 865 rediit
348 796 507 875 Phoebus,
531 798 706 879 postquam
729 795 809 859 talis
832 794 915 861 mihi
936 819 1057 864 sensus

130 888 262 970 Astit't,
286 890 323 950 ut
346 886 475 950 credam
499 884 570 963 olli,
594 905 690 968 quem
712 905 771 949 vos
795 883 928 950 creditis
951 885 1039 971 ipsi'

129 976 288 1062 Aggressi
311 974 459 1039 vetulum
482 976 596 1037 contra
619 971 666 1037 sic
687 972 797 1037 fantur
820 971 861 1037 ad
884 973 998 1039 illum:

131 1064 242 1128 ‘Posse
266 1063 371 1144 dabit,
396 1062 451 1143 qui
474 1061 559 1124 velle
583 1060 685 1142 dedit,
709 1061 750 1144 si,
772 1061 884 1142 frater,
907 1061 943 1126 in
966 1064 1063 1130 illum

60 1169 111 1217 195
131 1150 269 1216 Credere
292 1172 358 1214 non
382 1148 522 1231 dubitas,
545 1147 586 1212 ad
609 1170 644 1213 se
667 1149 723 1232 qui
745 1149 895 1234 pervehit
919 1151 1057 1218 omnes?

20 1286 24 1295 -
130 1239 337 1322 Subiungunt
361 1237 466 1301 sancti
491 1236 633 1301 dicentes
657 1237 738 1303 haec
761 1238 898 1302 seniori:

130 1326 325 1405 ‘Quaerendi
347 1326 442 1391 nobis
466 1324 567 1389 etiam
590 1329 658 1390 stat
680 1327 746 1390 fixa
768 1326 920 1392 voluntas

129 1415 331 1500 Quintinum,
353 1415 516 1501 insignem
540 1414 664 1479 socium
687 1414 888 1500 fratremque
911 1417 1120 1485 modestum?
1157 1437 1167 1476 τ

129 1506 241 1572 Altius
265 1527 338 1571 ecce
362 1525 495 1590 gemens
518 1525 709 1587 responsum
732 1503 796 1569 hoo
819 1503 961 1569 reddidit
984 1506 1097 1574 heros:

58 1610 110 1660 200
130 1594 279 1680 ‘Collega
301 1616 379 1658 nam
401 1595 518 1674 vester,
542 1614 637 1675 quem
660 1614 792 1657 cernere
814 1593 916 1658 vultis
941 1601 1090 1681 ovanter,

129 1683 215 1749 Dum
238 1684 333 1749 nobis
357 1682 471 1747 eadem
493 1685 655 1763 narraret,
679 1680 827 1763 praeside
850 1685 971 1767 tentus,

129 1773 248 1838 Tortus
272 1770 441 1855 suppliciis
464 1771 529 1835 ista
552 1792 618 1834 non
641 1769 784 1834 vescitur
808 1792 896 1836 aura.

128 1861 168 1925 In
190 1860 367 1945 municipio
390 1858 564 1943 requiescit
586 1858 707 1923 vertice
731 1862 829 1942 secto,

130 1949 223 2027 Quod
245 1948 506 2015 Vermandorum
529 1945 687 2012 vocitavit
710 1946 822 2032 lingua
844 1948 1007 2033 priorum,

58 2051 110 2102 205
128 2038 243 2103 Ferme
267 2036 496 2123 quaterdenis
520 2039 553 2098 et
575 2036 662 2099 binis
686 2035 811 2100 solibus
835 2038 927 2101 actis.

128 2126 353 2209 Militibusque
378 2125 444 2188 suis
467 2123 563 2187 iudex
586 2123 650 2187 iam
675 2123 815 2189 iusserat
838 2125 943 2209 exlex,

129 2214 199 2291 Quo
223 2217 351 2277 vosmet
373 2212 470 2275 citius
492 2215 649 2294 prensent
670 2215 703 2275 et
727 2213 872 2278 strictius
891 2219 1020 2299 artent,

127 2301 252 2384 Sponte
276 2303 407 2364 acturus
431 2298 526 2362 idem
569 2297 633 2363 Sed
657 2321 715 2363 vos
740 2300 899 2381 divertite,
924 2326 1056 2388 quaeso,

128 2389 180 2454 Ad
203 2387 304 2454 vestri
327 2386 490 2451 aediculas
513 2386 598 2452 servi
620 2387 797 2473 paulisper,
821 2391 938 2457 utillo

56 2493 108 2542 210
128 2478 211 2543 Pace
234 2475 350 2541 levetis
373 2475 437 2539 iter
459 2477 555 2561 panis
578 2477 740 2562 carpendo
764 2479 965 2546 buccellam?
1023 2524 1028 2532 -

127 2565 280 2632 Assensit
303 2563 422 2630 caritas
444 2564 580 2632 fratrem
604 2566 760 2633 lucrarier
784 2572 929 2653 optans·

127 2655 212 2719 Tum
234 2655 356 2720 celeres
379 2654 482 2739 patris
506 2655 634 2721 culmen
656 2656 778 2741 petiere
802 2657 928 2742 senilis3

127 2746 174 2809 At
195 2745 315 2829 hospes
337 2742 453 2810 hilaris
477 2750 644 2811 tantorum
668 2745 833 2829 hospitum
859 2769 969 2813 amore

128 2831 236 2899 Scrvit
260 2837 293 2898 et
316 2833 469 2898 exsiliens
491 2835 699 2918 obtemperat
723 2837 819 2916 atque
842 2835 1018 2902 ministrat.

54 2932 110 2985 ‘215
129 2922 190 2988 His
215 2923 323 2987 autem
346 2922 455 2986 rabies
477 2921 591 2985 forsan
612 2920 788 2984 furibunda
811 2922 924 2987 diebus

127 3011 273 3077 Venerat
296 3010 468 3075 Ambianis
492 3011 526 3071 et
548 3029 625 3072 mox
647 3007 808 3071 volitante
831 3030 889 3089 per
912 3033 1007 3077 auras

126 3097 189 3164 Hic
212 3101 301 3165 fama
324 3098 466 3164 athletas
490 3093 604 3159 didicit
627 3095 777 3159 micuisse
800 3098 946 3162 tonantis

126 3187 278 3271 Tuncque
302 3208 398 3251 canes
421 3187 459 3250 ut
481 3204 579 3268 apros
602 3183 710 3267 eoepit
732 3181 883 3247 rimarier
905 3185 990 3250 illos.

113 3457 117 3463 .
200 3419 250 3467 197
267 3413 304 3467 ‘et
321 3413 390 3466 iam'
443 3416 494 3465 201
510 3408 642 3480 ‘preside'
694 3412 745 3462 207
762 3407 909 3476 ‘praesent’
926 3408 1023 3461 littera
1040 3429 1143 3479 parum

127 3479 205 3534 clara
226 3482 418 3551 superscripta
438 3483 554 3536 ‘creent’
629 3483 680 3533 202
701 3477 740 3532 ‘A
761 3480 837 3534 decri’
864 3477 1014 3534 ‘aedicula’
1089 3491 1142 3540 214

128 3549 267 3604 ‘exiliens'
324 3557 375 3606 217
398 3553 492 3619 ‘fame'
