2354 3946
480 110 696 168 celerimo.
1050 112 1090 168 ix
1172 96 1173 99 ‘

108 301 144 357 tus
161 302 204 359 est.
254 299 330 357 Pars
359 296 458 372 operis
480 297 593 373 incepti
614 315 710 374 neque
734 297 867 357 absoluti
893 301 1014 374 recepta
1043 302 1090 358 est

107 386 325 464 ireppendicem
348 385 386 444 ad
409 404 500 462 opera
523 386 605 445 edita
628 387 666 445 ab
688 386 726 445 A.
750 385 828 445 Maio
851 407 879 462 p.
905 389 1089 463 113-166,

107 475 144 550 qni
161 476 229 536 liber
251 474 365 552 prodiit
388 475 501 535 Romae
523 493 601 534 anno
626 477 721 535 1871.
770 473 908 536 Oodicem
935 476 967 534 in
990 495 1089 540 meum

45 636 49 651 ‚
104 582 171 623 nsum
192 564 319 625 contulit
342 562 379 623 G.
402 563 560 640 Meyncke3
587 564 670 623 locos
693 565 839 640 quosdam
860 565 896 624 A.
921 562 1089 624 Goldmann

45 654 50 733 l
105 671 171 712 ene
191 656 314 732 rogatus
336 652 449 712 iterum
470 652 609 728 inspexit.

45 738 48 815 ἦ
169 743 250 802 Folia
290 741 421 817 quinque
457 741 568 801 codicis
604 741 754 817 quondam
791 740 1088 818 Salisburgensis

102 821 145 909 (nr.
166 825 240 910 164)
263 831 296 890 in
318 830 565 905 fragmentum
579 829 859 890 Vindobonense
881 832 987 890 19556
1011 832 1124 891 nuch

45 924 47 949 ²
99 922 153 978 eunt
163 921 291 993 redacta,
310 918 347 978 de
366 917 475 994 quibus
495 936 564 977 cum
581 918 611 976 in
631 919 881 978 commentatione
896 920 1015 994 saepius
1029 939 1090 978 me-

97 1011 195 1068 morata
214 1008 313 1067 fusius
336 1007 543 1082 tractaverim,
567 1025 658 1084 agere
681 1007 730 1066 hio
753 1008 943 1082 supersedeo.
990 1007 1090 1068 Codex

98 1095 251 1172 deperditus
273 1096 436 1157 maximam
458 1098 576 1171 partem
600 1096 728 1172 scriptus
752 1099 818 1155 erat
841 1115 863 1157 s.
887 1095 938 1155 IX.

168 1185 261 1245 Pretii
283 1204 344 1244 non
366 1184 490 1242 minoris
514 1186 561 1243 est
583 1185 713 1243 alterum
730 1185 988 1261 fragmentum,
1011 1185 1090 1263 quod

97 1272 231 1334 mendice
255 1272 448 1332 miscellaneo
470 1272 650 1349 Angelico
675 1292 800 1333 numero
823 1273 860 1335 V.
885 1276 912 1334 3.
934 1277 973 1334 22
998 1275 1124 1352 Insig-A

98 1361 147 1423 rito
159 1365 257 1422 exstat
271 1381 340 1422 cum
353 1361 548 1436 inscriptione
561 1361 581 1421 f.
597 1363 666 1422 31':
686 1361 730 1420 IN
732 1359 897 1423 OIPIUNT
912 1362 1088 1423 ΕΡΙΤΟΜΕ

95 1447 254 1518 VIRGILII
275 1448 467 1510 MARONIS.
513 1450 641 1510 Latinae
669 1469 688 1510 a
716 1468 771 1523 quo
798 1453 929 1511 lutetias
964 1483 1002 1493 -
1031 1470 1089 1526 pro

97 1542 188 1600 mute
201 1542 247 1600 dei
261 1541 316 1599 alti
328 1530 363 1619 (f.
375 1530 453 1618 32¹).
476 1538 778 1613 Praeceduntversus
793 1539 950 1599 cuiusdam
960 1540 1090 1600 doctoris

97 1643 168 1703 snper
179 1629 402 1705 epigrammata
414 1626 564 1702 Prosperi,
578 1646 707 1703 qnorum
720 1631 767 1687 est
781 1628 921 1688 ultimus:
936 1622 1090 1688 ‘sidereum

97 1717 135 1776 aa
153 1720 272 1792 capiant
293 1719 344 1790 qui
365 1717 505 1776 secedere
527 1710 671 1790 rcpacun'‚·
699 1717 837 1790 sequitur
864 1719 967 1775 autem
989 1716 1090 1792 Virgi-

96 1803 152 1879 lium
176 1805 362 1880 Aepustiaas
398 1807 433 1865 de
463 1821 565 1864 necem
595 1807 688 1864 meses
719 1806 751 1863 in
782 1805 856 1864 libro
888 1804 922 1864 de
957 1805 1089 1864 doetrtm

98 1893 246 1955 diuum.
293 1893 509 1970 Fragmentum
531 1894 676 1969 perutile,
700 1892 780 1968 quod
801 1887 951 1953 Arevalus
974 1893 1090 1968 primus

96 1979 119 2040 in
140 1983 268 2043 editione
296 1981 412 2041 Sedulii
438 2001 467 2056 p.
490 1983 555 2040 425
583 1982 699 2057 publici
724 1980 800 2040 iuris
823 1981 908 2054 fecit,
936 1981 967 2040 in
989 2000 1090 2040 meum

96 2087 168 2130 usum
181 2091 200 2131 a
212 2071 248 2133 G.
263 2069 420 2148 Meynckio
436 2072 591 2129 exaratum
611 2070 644 2128 in
663 2069 825 2146 appendice
842 2070 932 2128 huius
951 2069 1090 2130 editionis

94 2157 187 2219 iterum
210 2159 300 2219 edidi
346 2157 446 2218 Oodex
469 2161 558 2218 ests.
577 2158 605 2216 X
627 2152 678 2236 (cf.
697 2158 793 2218 Pertz.
812 2158 903 2218 Arch.
921 2158 981 2217 XII
999 2151 1090 2239 376).

167 2248 350 2323 Excerpta
372 2267 410 2307 ex
425 2246 548 2322 Virgilii
571 2246 711 2322 epitomis
729 2247 808 2307 inter
825 2247 1091 2323 grammaticorum

45 2350 49 2369 *
94 2335 244 2396 nultum
263 2337 376 2412 scripta
395 2335 529 2395 continet
552 2334 643 2394 codex
660 2335 1005 2411 Montepeseulanus
1026 2338 1089 2397 306

92 2440 110 2482 a
125 2423 165 2483 IX
181 2425 203 2487 f.
218 2427 259 2485 32
280 2443 303 2486 s.
322 2416 375 2505 (cf.
393 2427 451 2484 cet.
470 2428 537 2500 gen
557 2423 609 2482 des
629 2425 744 2499 depart.
762 2415 792 2504 I)
812 2442 880 2483 cum
897 2425 1091 2500 inscriptione

91 2510 149 2572 hnc:
169 2512 472 2573 Dirraauurlnu
491 2509 715 2572 SERMONUM
730 2512 784 2570 EX
802 2511 991 2572 EPITOMIS
1005 2513 1093 2572 VIR·

91 2597 189 2662 illLIL
232 2601 328 2662 Auca
350 2602 470 2662 estotim·
496 2632 533 2642 -
559 2603 696 2674 quoniam
717 2603 858 2661 iuratam
876 2596 910 2679 (f.
929 2593 996 2680 34).
1042 2601 1092 2660 Se-

89 2690 182 2765 quitur
203 2690 258 2750 EX
275 2690 399 2750 LIBRO
418 2680 635 2771 Onrorusst)
679 2689 754 2750 Sunt
771 2691 910 2750 adverbia
929 2691 1033 2750 localia
1049 2721 1087 2731 -

89 2780 115 2838 u
135 2784 174 2840 cet
193 2797 255 2838 non
273 2797 349 2839 cana
367 2777 400 2853 (f.
416 2769 499 2859 35¹').
545 2777 672 2837 Librum
689 2779 722 2837 in
739 2798 840 2838 meum
856 2797 945 2838 usum
963 2778 1091 2839 contulit

87 2865 122 2926 ll.
134 2866 260 2943 Bonnet,
277 2867 324 2928 vir
343 2867 448 2927 doctus
467 2884 502 2926 ac
520 2866 663 2926 liberalis.
709 2866 891 2942 Excerptum
908 2885 968 2926 non
985 2866 1090 2924 inutile

85 2953 111 3015 in
132 2956 295 3033 appendice
317 2955 431 3032 publici
453 2955 527 3014 iuris
549 2955 615 3016 feci.

167 3045 270 3104 Etiam
302 3045 334 3104 in
361 3044 462 3104 codice
490 3043 753 3104 Mediolanensi
786 3035 997 3122 (bibliothecae
1020 3041 1092 3100 Am·

83 3127 250 3215 bresianac)
272 3133 305 3192 M
329 3136 369 3194 79
394 3151 417 3194 s.
439 3132 483 3191 XI
506 3150 575 3208 pag.
600 3133 655 3192 51²
679 3133 850 3206 excerptum
879 3129 1029 3206 quoddam
1056 3149 1092 3188 ex

165 3339 195 3408 1)
219 3334 308 3391 Edidi
334 3335 409 3391 hunc
431 3337 586 3390 tractatum
608 3334 639 3389 in
661 3349 726 3388 mea
747 3332 783 3387 de
805 3291 927 3402 Virgilio
949 3348 1090 3388 commen·

74 3409 185 3466 &tione
203 3425 234 3479 p.
256 3414 289 3463 13
310 3423 331 3462 e.
