2354 3946
127 109 170 174 20
360 105 515 160 VIRGILII
532 103 697 158 MARONIS
715 103 912 158 ΕΡΙΤΟΜΑΕ.

128 262 347 346 oportunitate
363 259 535 341 diriuatur,
551 259 658 323 debere
672 260 778 321 autam
795 277 833 320 ex
849 255 1017 320 insolubili
1028 256 1139 321 debito.
1169 242 1173 289 ¹·

128 347 213 411 unde
236 350 269 410 et
291 347 319 410 ei
335 344 413 408 diois
427 363 492 407 noa
507 348 632 425 oportet,
654 363 722 406 non
736 344 804 405 tam
815 341 885 404 fieri
901 341 1036 405 omnino
1049 341 1140 406 inter·

128 431 207 495 diois
236 453 332 514 quam
360 432 553 511 oportunum
579 448 646 491 non
669 447 737 491 esee
759 425 914 507 ostendis,
945 447 1019 490 oum
1042 431 1140 491 autem

129 516 209 580 diois
231 537 296 580 uon
318 514 416 590 debet,
438 512 617 576 indebitum
640 516 699 590 est,
722 511 749 575 si
771 532 915 594 unquam
936 512 1006 574 fiat.
1037 511 1141 575 dieunt

104 602 227 665 aetiam
261 599 342 696 atiut
374 619 442 661 esse
469 617 536 661 noa
568 602 666 678 potest
692 597 764 679 aare
791 598 823 660 et
850 596 1035 678 inpossibile
1062 597 1139 680 doru

130 682 1144 851 tdtrttdtttttttt,Pttttttttttttdtt

155 855 224 918 uasi
247 853 377 917 definite
400 851 520 915 dictum
541 871 745 934 nequaquam
767 849 888 932 poterit
910 849 1005 914 effici.
1042 853 1074 916 et
1088 849 1144 914 hoo

130 876 223 1002 iditer
249 958 318 1002 esse
341 937 452 1000 dicunt
473 935 592 1000 loeutus
613 940 658 999 est
679 939 712 998 et
732 936 815 999 aiau
834 934 931 1013 mita
954 935 1042 1016 toqui
1063 935 1144 998 enim

92 1045 117 1083 ιο
131 1021 350 1086 inmorosioris
378 1019 580 1101 eloquentiae
609 1023 674 1100 est,
704 1021 804 1084 dicere
831 1021 938 1082 autem
960 1019 1145 1102 simpliciter

61 1165 68 1180 ,
131 1105 406 1188 communiterque
429 1102 469 1167 ad
491 1125 586 1168 omne
608 1103 730 1168 dietum
751 1103 898 1167 refertur.
937 1103 1051 1168 diount
1092 1125 1144 1168 uo-

130 1211 190 1272 que
219 1190 300 1253 aliut
327 1209 394 1252 esse
420 1189 492 1252 uoto
521 1192 554 1251 et
583 1191 691 1270 oupto;
726 1189 803 1253 nette
831 1188 917 1251 enim
945 1209 985 1252 ex
1013 1210 1057 1272 qu
1096 1209 1145 1253 am

130 1274 224 1338 suaui
253 1295 290 1337 ao
312 1273 457 1356 legitima
480 1273 648 1337 uoluntate
670 1272 883 1357 intellegitur,
913 1274 1022 1355 oupire
1044 1277 1145 1338 autem

130 1358 349 1422 inmoderatae
382 1357 566 1439 cupiditatis
595 1361 653 1420 est.
704 1357 789 1421 inter
817 1357 930 1422 bellum
959 1378 1087 1442 quoque
1115 1361 1160 1443 et·

94 1457 119 1497 1⁵
126 1442 288 1524 proelium
311 1445 343 1505 et
362 1462 505 1524 papatum
528 1445 560 1504 et
581 1447 738 1507 certamen
759 1463 826 1505 non
843 1463 978 1524 pomam
994 1442 1143 1507 defferen-

130 1529 209 1591 tiam
232 1547 300 1590 esse
320 1526 499 1590 adfirmant.
529 1527 693 1607 praetium
709 1528 795 1590 enim
821 1527 954 1591 nonnisi
977 1527 1012 1590 in
1026 1528 1143 1610 paeto

131 1611 192 1675 hoo
225 1613 273 1675 est
302 1611 336 1674 in
366 1610 481 1694 pelago
511 1610 595 1674 effici
623 1614 745 1693 potest,
779 1610 865 1693 quod
891 1610 963 1675 ideo
993 1612 1144 1696 praelium

131 1696 332 1773 nominatur,
355 1694 430 1778 quia
450 1715 528 1777 prae
551 1695 665 1759 ceteris
688 1694 848 1759 elimentis
870 1696 1007 1778 quadam
1031 1698 1082 1761 sui
1102 1698 1145 1760 in-

132 1782 304 1847 mensitate
324 1779 509 1862 inundando
534 1779 631 1845 etiam
652 1783 685 1844 et
700 1779 891 1844 deundando
907 1782 1070 1864 quendam
1084 1803 1143 1846 am·

93 1875 118 1914 ²⁰
131 1866 311 1931 mirationis
338 1865 520 1948 praelatum
546 1865 653 1930 habet.
698 1865 811 1930 bellum
833 1869 941 1929 autem
962 1865 1145 1931 nonnieiin

133 1949 222 2015 belsa
243 1950 304 2015 hoo
328 1953 377 2013 eet
398 1950 433 2013 in
455 1970 568 2033 eampo
592 1951 707 2036 agitur.
745 1949 834 2013 belsa
856 1951 942 2014 enim
963 1951 1005 2014 ob
1027 1951 1090 2016 hoe
1104 1949 1145 2015 di·

132 2035 232 2115 citur,
262 2035 336 2116 quia
362 2033 449 2096 belsa
476 2033 614 2115 plurima
642 2055 724 2117 quae
753 2038 828 2098 sunt
848 2035 997 2118 gramina
1017 2035 1144 2120 profert

131 2122 288 2182 certamen
310 2119 418 2178 autem
440 2137 479 2179 ex
501 2121 587 2180 certo
611 2117 682 2182 looo
701 2117 763 2182 hoo
782 2121 832 2182 est
846 2121 1048 2202 receptaculo
1064 2140 1145 2185 exer·
1170 2124 1173 2133 '

133 2201 213 2264 citus
237 2199 400 2263 diriuatur.
439 2219 561 2281 puppo,
585 2203 620 2264 in
642 2223 705 2285 qua
724 2203 864 2286 pugilles
885 2225 961 2269 euos
976 2206 1143 2289 utrobique
1169 2202 1173 2243 ⁴

131 2417 227 2472 debito
240 2447 272 2457 -·
285 2417 373 2470 debet
389 2417 547 2472 indebitum
565 2420 633 2472 ei-
645 2420 703 2474 fiat.
807 2429 831 2477 9.
849 2423 886 2476 ib.
913 2421 1000 2476 Aliud
1023 2425 1067 2479 eet
1083 2423 1145 2477 dioi-
1171 2452 1173 2463 =

131 2485 178 2538 tur
199 2484 310 2539 locutus
333 2486 375 2538 eet
396 2488 427 2540 et
447 2521 481 2531 -
503 2487 661 2555 eloquentia
682 2519 716 2527 -
738 2504 839 2558 capere
862 2491 1099 2546 -immoderate
1116 2520 1145 2532 -
1169 2532 1173 2551 .·

131 2552 270 2672 praelium
298 2553 327 2605 et
359 2555 501 2608 certamen
528 2557 557 2609 et
582 2573 706 2625 pugnam
728 2586 762 2596 -
784 2573 844 2611 enee
872 2556 1062 2613 differentiam
1087 2575 1145 2629 pre·
1171 2564 1173 2569 '

153 2636 201 2672 nm
213 2650 247 2659 —
264 2635 351 2688 quam
363 2651 396 2660 —
408 2621 555 2676 elementis
567 2625 602 2691 (1)
614 2653 647 2662 -
659 2623 851 2678 admirationis
863 2625 1015 2680 -habent
1028 2659 1059 2666 —
1072 2627 1146 2681 belae

131 2715 165 2726 -
182 2686 294 2741 beleum
311 2717 344 2726 -
363 2687 398 2741 ab
417 2719 451 2730 —
469 2690 589 2759 quod-
601 2707 619 2744 a
636 2694 713 2745 certo
730 2691 793 2745 loeo
805 2723 838 2732 -
850 2709 947 2761 pugna
965 2693 1146 2749 iaculationau

133 2770 198 2808 suaa
215 2754 339 2823 pugillee
358 2786 391 2796 -

201 2964 267 3012 1-9
277 2957 662 3014 debere-dixitmihiom.N
669 2961 679 3029 ΙΙ
694 2963 864 3018 linaulubili
873 2964 975 3019 debete
984 2963 1013 3018 P
1024 2965 1034 3034 ΙΙ
1047 2971 1148 3033 tepor·

133 3027 244 3079 tumum
255 3026 283 3079 P
295 3028 305 3095 tl
318 3027 403 3105 autP
415 3031 425 3096 ΙΙ
437 3028 627 3082 dindebetum
637 3030 665 3083 P
677 3031 687 3098 11
700 3031 798 3088 taliut
806 3035 834 3088 P
844 3035 966 3104 (sempe)
1002 3032 1151 3098 8definitaa

132 3093 160 3144 P
172 3093 182 3160 ΙΙ
197 3100 228 3148 10
239 3095 381 3148 moroeins
398 3095 427 3150 P
439 3097 448 3164 ΙΙ
462 3101 492 3149 11
511 3095 641 3164 refertur]
660 3098 736 3152 inter
752 3101 818 3156 volo
837 3105 861 3153 a
879 3099 961 3165 oupio
1016 3101 1026 3168 ΙΙ
1041 3107 1072 3155 13
1090 3101 1150 3154 eaui

132 3159 160 3212 P
172 3161 182 3226 ΙΙ
195 3166 295 3214 14-21
312 3163 475 3231 cupiditatis
493 3163 649 3218 eat-belsa
660 3180 711 3219 orn.
724 3165 759 3221 N
766 3169 777 3236 ΙΙ
792 3173 822 3221 16
834 3167 863 3218 in
874 3178 924 3218 om.
936 3164 965 3216 Ρ
976 3169 987 3234 ΙΙ
1001 3175 1033 3223 17
1044 3167 1149 3240 pylago

131 3226 160 3279 P
176 3227 186 3293 ΙΙ
205 3232 236 3280 18
258 3230 346 3282 oaerie
366 3230 395 3283 P
411 3232 421 3299 1]
438 3230 590 3299 quamdam
608 3232 636 3286 P
652 3233 662 3301 11
682 3239 713 3288 19
731 3231 973 3287 ammiratioeanis
996 3236 1047 3301 (nd
1064 3237 1149 3304 erue.)
1170 3246 1173 3250 '

131 3293 227 3361 Ρ1112
245 3296 387 3362 gramiena
405 3307 434 3366 (a
452 3300 531 3366 erue.)
548 3299 577 3352 P
589 3299 599 3368 ΙΙ
612 3305 645 3354 23
663 3302 745 3370 cepto
762 3301 803 3361 P;
826 3297 903 3366 certo
926 3297 987 3352 loco
1010 3301 1151 3359 dirivatur

133 3392 165 3445 N
181 3399 268 3449 cetera
285 3396 384 3451 otmunt
400 3413 486 3468 usque
498 3399 572 3453 inter
583 3399 675 3469 plebia
687 3401 697 3467 ΙΙ
710 3367 821 3453 exiitus
837 3395 866 3448 P
877 3395 887 3462 ΙΙ
900 3401 933 3449 24
950 3399 1096 3472 utribique
1112 3406 1151 3461 P.
