<?xml version="1.0" encoding="UTF-8"?>
<!DOCTYPE html PUBLIC "-//W3C//DTD XHTML 1.0 Transitional//EN"
    "http://www.w3.org/TR/xhtml1/DTD/xhtml1-transitional.dtd">
<html xmlns="http://www.w3.org/1999/xhtml" xml:lang="en" lang="en">
 <head>
  <title>
</title>
<meta http-equiv="Content-Type" content="text/html;charset=utf-8" />
  <meta name='ocr-system' content='tesseract 3.04.00' />
  <meta name='ocr-capabilities' content='ocr_page ocr_carea ocr_par ocr_line ocrx_word'/>
</head>
<body>
  <div class='ocr_page' id='page_1' title='image "./grammaticiopera00virggoog_0403.png"; bbox 0 0 2354 3946; ppageno 0'>
   <div class='ocr_carea' id='block_1_1' title="bbox 97 197 796 264">
    <p class='ocr_par' dir='ltr' id='par_1_1' title="bbox 97 197 796 264">
     <span class='ocr_line' id='line_1_1' title="bbox 97 197 796 264; baseline -0.014 0"><span class='ocrx_word' id='word_1_1' title='bbox 97 199 161 264; x_wconf 78' lang='lat'><strong>170</strong></span> <span class='ocrx_word' id='word_1_2' title='bbox 407 198 454 253; x_wconf 89' lang='lat' dir='ltr'><strong>IX.</strong></span> <span class='ocrx_word' id='word_1_3' title='bbox 484 198 571 255; x_wconf 76' lang='lat' dir='ltr'>VITA</span> <span class='ocrx_word' id='word_1_4' title='bbox 595 199 621 255; x_wconf 80' lang='lat' dir='ltr'><strong>S.</strong></span> <span class='ocrx_word' id='word_1_5' title='bbox 641 197 796 254; x_wconf 83' lang='lat' dir='ltr'><strong>GISLENI.</strong></span> 
     </span>
    </p>
   </div>
   <div class='ocr_carea' id='block_1_2' title="bbox 24 361 1061 803">
    <p class='ocr_par' dir='ltr' id='par_1_2' title="bbox 24 361 1061 803">
     <span class='ocr_line' id='line_1_2' title="bbox 95 361 936 447; baseline 0 -21"><span class='ocrx_word' id='word_1_6' title='bbox 95 362 242 428; x_wconf 90' lang='lat' dir='ltr'><strong>Moribus</strong></span> <span class='ocrx_word' id='word_1_7' title='bbox 265 363 317 428; x_wconf 93' lang='lat' dir='ltr'><strong>his</strong></span> <span class='ocrx_word' id='word_1_8' title='bbox 341 363 469 427; x_wconf 82' lang='lat' dir='ltr'><strong>fervens</strong></span> <span class='ocrx_word' id='word_1_9' title='bbox 494 361 619 426; x_wconf 86' lang='lat' dir='ltr'><strong>Gisleni</strong></span> <span class='ocrx_word' id='word_1_10' title='bbox 642 361 753 445; x_wconf 88' lang='lat' dir='ltr'><strong>pulsat</strong></span> <span class='ocrx_word' id='word_1_11' title='bbox 777 383 936 447; x_wconf 75' lang='lat' dir='ltr'><strong>amorem,</strong></span> 
     </span>
     <span class='ocr_line' id='line_1_3' title="bbox 96 449 952 537; baseline -0.001 -19"><span class='ocrx_word' id='word_1_12' title='bbox 96 450 236 537; x_wconf 80' lang='lat' dir='ltr'><strong>Cognita</strong></span> <span class='ocrx_word' id='word_1_13' title='bbox 259 455 330 517; x_wconf 90' lang='lat' dir='ltr'><strong>tum</strong></span> <span class='ocrx_word' id='word_1_14' title='bbox 353 451 482 536; x_wconf 78' lang='lat' dir='ltr'><strong>pandit,</strong></span> <span class='ocrx_word' id='word_1_15' title='bbox 506 450 545 515; x_wconf 92' lang='lat' dir='ltr'><strong>de</strong></span> <span class='ocrx_word' id='word_1_16' title='bbox 568 454 700 535; x_wconf 78' lang='lat' dir='ltr'>pectore</span> <span class='ocrx_word' id='word_1_17' title='bbox 722 451 794 515; x_wconf 86' lang='lat' dir='ltr'><strong>visa</strong></span> <span class='ocrx_word' id='word_1_18' title='bbox 819 449 952 517; x_wconf 84' lang='lat' dir='ltr'><strong>refudit.</strong></span> 
     </span>
     <span class='ocr_line' id='line_1_4' title="bbox 95 539 1061 625; baseline 0 -20"><span class='ocrx_word' id='word_1_19' title='bbox 95 539 186 607; x_wconf 84' lang='lat' dir='ltr'><strong>Haec</strong></span> <span class='ocrx_word' id='word_1_20' title='bbox 209 562 337 625; x_wconf 89' lang='lat' dir='ltr'><strong>quoque</strong></span> <span class='ocrx_word' id='word_1_21' title='bbox 361 543 470 605; x_wconf 92' lang='lat' dir='ltr'><strong>mente</strong></span> <span class='ocrx_word' id='word_1_22' title='bbox 493 539 607 604; x_wconf 86' lang='lat' dir='ltr'><strong>bibens</strong></span> <span class='ocrx_word' id='word_1_23' title='bbox 632 540 768 604; x_wconf 78' lang='lat' dir='ltr'><strong>antistes</strong></span> <span class='ocrx_word' id='word_1_24' title='bbox 792 540 911 625; x_wconf 84' lang='lat' dir='ltr'><strong>pangit</strong></span> <span class='ocrx_word' id='word_1_25' title='bbox 934 540 1061 605; x_wconf 90' lang='lat' dir='ltr'><strong>eidem:</strong></span> 
     </span>
     <span class='ocr_line' id='line_1_5' title="bbox 24 627 859 714; baseline -0.002 -20"><span class='ocrx_word' id='word_1_26' title='bbox 24 644 77 694; x_wconf 93' lang='grc'><strong>550</strong></span> <span class='ocrx_word' id='word_1_27' title='bbox 97 628 148 694; x_wconf 89' lang='grc' dir='ltr'><strong>Ἱο</strong></span> <span class='ocrx_word' id='word_1_28' title='bbox 171 629 377 713; x_wconf 91' lang='lat' dir='ltr'><strong>sponsaliciis</strong></span> <span class='ocrx_word' id='word_1_29' title='bbox 401 628 478 714; x_wconf 78' lang='lat' dir='ltr'><strong>agni</strong></span> <span class='ocrx_word' id='word_1_30' title='bbox 502 628 578 713; x_wconf 86' lang='lat' dir='ltr'><strong>quia</strong></span> <span class='ocrx_word' id='word_1_31' title='bbox 600 628 686 693; x_wconf 87' lang='lat' dir='ltr'><strong>lecta</strong></span> <span class='ocrx_word' id='word_1_32' title='bbox 708 627 859 712; x_wconf 87' lang='lat' dir='ltr'><strong>probaris</strong></span> 
     </span>
     <span class='ocr_line' id='line_1_6' title="bbox 96 714 974 803; baseline -0.003 -20"><span class='ocrx_word' id='word_1_33' title='bbox 96 714 336 803; x_wconf 82' lang='lat' dir='ltr'><strong>Sumpsistiqu&#39;e</strong></span> <span class='ocrx_word' id='word_1_34' title='bbox 360 718 456 782; x_wconf 93' lang='lat' dir='ltr'><strong>deum</strong></span> <span class='ocrx_word' id='word_1_35' title='bbox 478 739 537 801; x_wconf 90' lang='lat' dir='ltr'><strong>pro</strong></span> <span class='ocrx_word' id='word_1_36' title='bbox 561 717 692 781; x_wconf 77' lang='lat' dir='ltr'><strong>mortali</strong></span> <span class='ocrx_word' id='word_1_37' title='bbox 714 716 777 781; x_wconf 89' lang='lat' dir='ltr'><strong>tibi</strong></span> <span class='ocrx_word' id='word_1_38' title='bbox 800 738 974 800; x_wconf 87' lang='lat' dir='ltr'><strong>sponsum,</strong></span> 
     </span>
    </p>
   </div>
   <div class='ocr_carea' id='block_1_3' title="bbox 24 805 1150 2044">
    <p class='ocr_par' dir='ltr' id='par_1_3' title="bbox 24 805 1150 2044">
     <span class='ocr_line' id='line_1_7' title="bbox 95 805 1150 889; baseline 0 -18"><span class='ocrx_word' id='word_1_39' title='bbox 95 807 147 872; x_wconf 84' lang='lat' dir='ltr'><strong>Ad</strong></span> <span class='ocrx_word' id='word_1_40' title='bbox 171 809 258 872; x_wconf 85' lang='lat' dir='ltr'><strong>vitae</strong></span> <span class='ocrx_word' id='word_1_41' title='bbox 281 807 464 873; x_wconf 77' lang='lat' dir='ltr'>thalamum</span> <span class='ocrx_word' id='word_1_42' title='bbox 488 827 642 871; x_wconf 89' lang='lat' dir='ltr'><strong>concurre</strong></span> <span class='ocrx_word' id='word_1_43' title='bbox 665 805 768 889; x_wconf 86' lang='lat' dir='ltr'><strong>gradu</strong></span> <span class='ocrx_word' id='word_1_44' title='bbox 792 806 987 870; x_wconf 88' lang='lat' dir='ltr'><strong>meritorum</strong></span> <span class='ocrx_word' id='word_1_45' title='bbox 1136 831 1150 871; x_wconf 76' lang='lat' dir='ltr'><strong>r</strong></span> 
     </span>
     <span class='ocr_line' id='line_1_8' title="bbox 95 893 932 980; baseline -0.001 -21"><span class='ocrx_word' id='word_1_46' title='bbox 95 896 213 960; x_wconf 75' lang='lat' dir='ltr'><strong>&#39;l&#39;errea</strong></span> <span class='ocrx_word' id='word_1_47' title='bbox 235 900 435 980; x_wconf 71' lang='lat' dir='ltr'>postponens</span> <span class='ocrx_word' id='word_1_48' title='bbox 459 899 492 959; x_wconf 93' lang='lat' dir='ltr'><strong>et</strong></span> <span class='ocrx_word' id='word_1_49' title='bbox 515 915 635 980; x_wconf 86' lang='lat' dir='ltr'><strong>egenos</strong></span> <span class='ocrx_word' id='word_1_50' title='bbox 659 915 790 958; x_wconf 89' lang='lat' dir='ltr'><strong>munere</strong></span> <span class='ocrx_word' id='word_1_51' title='bbox 813 893 932 977; x_wconf 86' lang='lat' dir='ltr'><strong>ditans,</strong></span> 
     </span>
     <span class='ocr_line' id='line_1_9' title="bbox 95 982 859 1068; baseline -0.001 -21"><span class='ocrx_word' id='word_1_52' title='bbox 95 982 145 1048; x_wconf 90' lang='lat' dir='ltr'><strong>Ne</strong></span> <span class='ocrx_word' id='word_1_53' title='bbox 170 987 202 1047; x_wconf 92' lang='lat' dir='ltr'><strong>te</strong></span> <span class='ocrx_word' id='word_1_54' title='bbox 226 985 396 1067; x_wconf 74' lang='lat' dir='ltr'><strong>surripiat,</strong></span> <span class='ocrx_word' id='word_1_55' title='bbox 420 983 475 1068; x_wconf 92' lang='lat' dir='ltr'><strong>qui</strong></span> <span class='ocrx_word' id='word_1_56' title='bbox 498 983 587 1065; x_wconf 81' lang='lat' dir='ltr'><strong>pacis</strong></span> <span class='ocrx_word' id='word_1_57' title='bbox 611 982 712 1048; x_wconf 85' lang='lat' dir='ltr'><strong>ovilia</strong></span> <span class='ocrx_word' id='word_1_58' title='bbox 733 983 859 1067; x_wconf 88' lang='lat' dir='ltr'><strong>turbat,</strong></span> 
     </span>
     <span class='ocr_line' id='line_1_10' title="bbox 25 1070 830 1157; baseline 0 -21"><span class='ocrx_word' id='word_1_59' title='bbox 25 1085 77 1137; x_wconf 93' lang='grc'><strong>555</strong></span> <span class='ocrx_word' id='word_1_60' title='bbox 96 1071 298 1155; x_wconf 89' lang='lat' dir='ltr'><strong>Interituque</strong></span> <span class='ocrx_word' id='word_1_61' title='bbox 322 1076 379 1136; x_wconf 89' lang='lat' dir='ltr'><strong>tuo</strong></span> <span class='ocrx_word' id='word_1_62' title='bbox 404 1071 512 1135; x_wconf 92' lang='lat' dir='ltr'><strong>doleat</strong></span> <span class='ocrx_word' id='word_1_63' title='bbox 535 1071 693 1136; x_wconf 89' lang='lat' dir='ltr'><strong>bonitatis</strong></span> <span class='ocrx_word' id='word_1_64' title='bbox 717 1070 830 1157; x_wconf 65' lang='lat' dir='ltr'><strong>origo?</strong></span> 
     </span>
     <span class='ocr_line' id='line_1_11' title="bbox 95 1158 987 1244; baseline 0.002 -22"><span class='ocrx_word' id='word_1_65' title='bbox 95 1158 194 1223; x_wconf 89' lang='lat' dir='ltr'><strong>Hisce</strong></span> <span class='ocrx_word' id='word_1_66' title='bbox 217 1181 314 1244; x_wconf 93' lang='lat' dir='ltr'><strong>super</strong></span> <span class='ocrx_word' id='word_1_67' title='bbox 336 1159 471 1224; x_wconf 91' lang='lat' dir='ltr'><strong>monitis</strong></span> <span class='ocrx_word' id='word_1_68' title='bbox 496 1160 666 1224; x_wconf 79' lang='lat' dir='ltr'><strong>ardescens</strong></span> <span class='ocrx_word' id='word_1_69' title='bbox 691 1182 813 1241; x_wconf 86' lang='lat' dir='ltr'><strong>sponsa</strong></span> <span class='ocrx_word' id='word_1_70' title='bbox 835 1161 987 1225; x_wconf 88' lang='lat' dir='ltr'><strong>tonantis</strong></span> 
     </span>
     <span class='ocr_line' id='line_1_12' title="bbox 95 1247 954 1332; baseline 0.002 -21"><span class='ocrx_word' id='word_1_71' title='bbox 95 1247 271 1312; x_wconf 87' lang='lat' dir='ltr'><strong>Paraclisis</strong></span> <span class='ocrx_word' id='word_1_72' title='bbox 296 1251 429 1312; x_wconf 86' lang='lat' dir='ltr'><strong>sanctae</strong></span> <span class='ocrx_word' id='word_1_73' title='bbox 453 1247 552 1312; x_wconf 88' lang='lat' dir='ltr'><strong>simul</strong></span> <span class='ocrx_word' id='word_1_74' title='bbox 576 1252 609 1311; x_wconf 94' lang='lat' dir='ltr'><strong>et</strong></span> <span class='ocrx_word' id='word_1_75' title='bbox 631 1249 817 1331; x_wconf 84' lang='lat' dir='ltr'><strong>praecincta</strong></span> <span class='ocrx_word' id='word_1_76' title='bbox 839 1250 954 1332; x_wconf 84' lang='lat' dir='ltr'><strong>vigore</strong></span> 
     </span>
     <span class='ocr_line' id='line_1_13' title="bbox 96 1334 797 1421; baseline 0 -20"><span class='ocrx_word' id='word_1_77' title='bbox 96 1334 239 1401; x_wconf 80' lang='lat' dir='ltr'><strong>Consilio</strong></span> <span class='ocrx_word' id='word_1_78' title='bbox 262 1337 347 1402; x_wconf 85' lang='lat' dir='ltr'><strong>tanti</strong></span> <span class='ocrx_word' id='word_1_79' title='bbox 371 1336 496 1400; x_wconf 89' lang='lat' dir='ltr'><strong>studuit</strong></span> <span class='ocrx_word' id='word_1_80' title='bbox 519 1357 634 1420; x_wconf 89' lang='lat' dir='ltr'><strong>parere</strong></span> <span class='ocrx_word' id='word_1_81' title='bbox 658 1336 797 1421; x_wconf 87' lang='lat' dir='ltr'><strong>patroni.</strong></span> 
     </span>
     <span class='ocr_line' id='line_1_14' title="bbox 96 1424 1065 1510; baseline 0.003 -19"><span class='ocrx_word' id='word_1_82' title='bbox 96 1424 237 1491; x_wconf 87' lang='lat' dir='ltr'><strong>Obstitit</strong></span> <span class='ocrx_word' id='word_1_83' title='bbox 259 1431 293 1491; x_wconf 88' lang='lat' dir='ltr'><strong>at</strong></span> <span class='ocrx_word' id='word_1_84' title='bbox 317 1425 484 1510; x_wconf 83' lang='lat' dir='ltr'><strong>quiddam,</strong></span> <span class='ocrx_word' id='word_1_85' title='bbox 507 1428 650 1490; x_wconf 90' lang='lat' dir='ltr'><strong>mentem</strong></span> <span class='ocrx_word' id='word_1_86' title='bbox 673 1426 759 1509; x_wconf 88' lang='lat' dir='ltr'><strong>quod</strong></span> <span class='ocrx_word' id='word_1_87' title='bbox 783 1425 932 1490; x_wconf 90' lang='lat' dir='ltr'><strong>contudit</strong></span> <span class='ocrx_word' id='word_1_88' title='bbox 954 1426 1065 1494; x_wconf 90' lang='lat' dir='ltr'><strong>illam:</strong></span> 
     </span>
     <span class='ocr_line' id='line_1_15' title="bbox 24 1513 882 1598; baseline 0 -21"><span class='ocrx_word' id='word_1_89' title='bbox 24 1529 77 1581; x_wconf 92' lang='grc'><strong>660</strong></span> <span class='ocrx_word' id='word_1_90' title='bbox 97 1514 238 1583; x_wconf 66' lang='lat' dir='ltr'><strong>Scilicet„</strong></span> <span class='ocrx_word' id='word_1_91' title='bbox 251 1515 378 1580; x_wconf 85' lang='lat' dir='ltr'><strong>eximiis</strong></span> <span class='ocrx_word' id='word_1_92' title='bbox 402 1536 528 1580; x_wconf 89' lang='lat' dir='ltr'><strong>eremus</strong></span> <span class='ocrx_word' id='word_1_93' title='bbox 553 1514 665 1579; x_wconf 87' lang='lat' dir='ltr'><strong>deerat</strong></span> <span class='ocrx_word' id='word_1_94' title='bbox 688 1513 764 1598; x_wconf 84' lang='lat' dir='ltr'><strong>quia</strong></span> <span class='ocrx_word' id='word_1_95' title='bbox 787 1513 882 1578; x_wconf 86' lang='lat' dir='ltr'><strong>votis.</strong></span> 
     </span>
     <span class='ocr_line' id='line_1_16' title="bbox 95 1603 864 1687; baseline 0.001 -21"><span class='ocrx_word' id='word_1_96' title='bbox 95 1603 173 1669; x_wconf 91' lang='lat' dir='ltr'><strong>Inde</strong></span> <span class='ocrx_word' id='word_1_97' title='bbox 197 1608 290 1687; x_wconf 87' lang='lat' dir='ltr'><strong>pater</strong></span> <span class='ocrx_word' id='word_1_98' title='bbox 314 1607 445 1669; x_wconf 80' lang='lat' dir='ltr'><strong>sanctus</strong></span> <span class='ocrx_word' id='word_1_99' title='bbox 469 1604 578 1668; x_wconf 87' lang='lat' dir='ltr'><strong>divino</strong></span> <span class='ocrx_word' id='word_1_100' title='bbox 602 1603 732 1667; x_wconf 82' lang='lat' dir='ltr'><strong>flamine</strong></span> <span class='ocrx_word' id='word_1_101' title='bbox 755 1606 864 1667; x_wconf 89' lang='lat' dir='ltr'><strong>tactus</strong></span> 
     </span>
     <span class='ocr_line' id='line_1_17' title="bbox 96 1689 1017 1776; baseline -0.001 -19"><span class='ocrx_word' id='word_1_102' title='bbox 96 1690 325 1774; x_wconf 80' lang='lat' dir='ltr'><strong>Castrilocum,</strong></span> <span class='ocrx_word' id='word_1_103' title='bbox 349 1693 437 1757; x_wconf 85' lang='lat' dir='ltr'><strong>Galli</strong></span> <span class='ocrx_word' id='word_1_104' title='bbox 462 1714 557 1776; x_wconf 91' lang='lat' dir='ltr'><strong>quem</strong></span> <span class='ocrx_word' id='word_1_105' title='bbox 581 1692 693 1755; x_wconf 91' lang='lat' dir='ltr'><strong>dicunt</strong></span> <span class='ocrx_word' id='word_1_106' title='bbox 715 1713 814 1756; x_wconf 91' lang='lat' dir='ltr'><strong>necne</strong></span> <span class='ocrx_word' id='word_1_107' title='bbox 838 1689 1017 1776; x_wconf 81' lang='lat' dir='ltr'><strong>Sicambri,</strong></span> 
     </span>
     <span class='ocr_line' id='line_1_18' title="bbox 96 1779 923 1866; baseline -0.004 -20"><span class='ocrx_word' id='word_1_108' title='bbox 96 1779 246 1846; x_wconf 80' lang='lat' dir='ltr'><strong>Ostendit</strong></span> <span class='ocrx_word' id='word_1_109' title='bbox 270 1782 384 1866; x_wconf 80' lang='lat' dir='ltr'><strong>digito,</strong></span> <span class='ocrx_word' id='word_1_110' title='bbox 406 1781 500 1846; x_wconf 87' lang='lat' dir='ltr'><strong>novit</strong></span> <span class='ocrx_word' id='word_1_111' title='bbox 523 1802 581 1846; x_wconf 89' lang='lat' dir='ltr'><strong>seu</strong></span> <span class='ocrx_word' id='word_1_112' title='bbox 604 1782 777 1864; x_wconf 86' lang='lat' dir='ltr'><strong>pneumate</strong></span> <span class='ocrx_word' id='word_1_113' title='bbox 802 1783 923 1863; x_wconf 81' lang='lat' dir='ltr'><strong>sancto,</strong></span> 
     </span>
     <span class='ocr_line' id='line_1_19' title="bbox 95 1867 949 1954; baseline -0.004 -20"><span class='ocrx_word' id='word_1_114' title='bbox 95 1869 258 1954; x_wconf 84' lang='lat' dir='ltr'><strong>Virgultis</strong></span> <span class='ocrx_word' id='word_1_115' title='bbox 282 1871 417 1935; x_wconf 87' lang='lat' dir='ltr'><strong>densum</strong></span> <span class='ocrx_word' id='word_1_116' title='bbox 440 1869 606 1954; x_wconf 91' lang='lat' dir='ltr'><strong>nimioque</strong></span> <span class='ocrx_word' id='word_1_117' title='bbox 629 1869 741 1933; x_wconf 85' lang='lat' dir='ltr'><strong>labore</strong></span> <span class='ocrx_word' id='word_1_118' title='bbox 765 1867 949 1952; x_wconf 90' lang='lat' dir='ltr'><strong>colendum,</strong></span> 
     </span>
     <span class='ocr_line' id='line_1_20' title="bbox 24 1956 1074 2044; baseline 0.003 -23"><span class='ocrx_word' id='word_1_119' title='bbox 24 1972 76 2022; x_wconf 91' lang='grc'><strong>665</strong></span> <span class='ocrx_word' id='word_1_120' title='bbox 97 1957 167 2034; x_wconf 79' lang='lat' dir='ltr'><strong>Quo</strong></span> <span class='ocrx_word' id='word_1_121' title='bbox 191 1959 253 2023; x_wconf 92' lang='lat' dir='ltr'><strong>sibi</strong></span> <span class='ocrx_word' id='word_1_122' title='bbox 276 1961 489 2044; x_wconf 86' lang='lat' dir='ltr'><strong>complaceat,</strong></span> <span class='ocrx_word' id='word_1_123' title='bbox 513 1956 645 2023; x_wconf 83' lang='lat' dir='ltr'><strong>Christo</strong></span> <span class='ocrx_word' id='word_1_124' title='bbox 669 1978 796 2041; x_wconf 90' lang='lat' dir='ltr'><strong>quoque</strong></span> <span class='ocrx_word' id='word_1_125' title='bbox 819 1956 931 2020; x_wconf 90' lang='lat' dir='ltr'><strong>debita</strong></span> <span class='ocrx_word' id='word_1_126' title='bbox 955 1958 1074 2024; x_wconf 88' lang='lat' dir='ltr'><strong>solvat.</strong></span> 
     </span>
    </p>
   </div>
   <div class='ocr_carea' id='block_1_4' title="bbox 23 2135 1177 3189">
    <p class='ocr_par' dir='ltr' id='par_1_4' title="bbox 95 2135 1073 2220">
     <span class='ocr_line' id='line_1_21' title="bbox 95 2135 1073 2220; baseline 0 -21"><span class='ocrx_word' id='word_1_127' title='bbox 95 2135 185 2200; x_wconf 89' lang='lat' dir='ltr'><strong>Haec</strong></span> <span class='ocrx_word' id='word_1_128' title='bbox 209 2136 285 2199; x_wconf 91' lang='lat' dir='ltr'><strong>dum</strong></span> <span class='ocrx_word' id='word_1_129' title='bbox 307 2139 493 2200; x_wconf 88' lang='lat' dir='ltr'><strong>tractantur</strong></span> <span class='ocrx_word' id='word_1_130' title='bbox 517 2156 573 2198; x_wconf 91' lang='lat' dir='ltr'><strong>seu</strong></span> <span class='ocrx_word' id='word_1_131' title='bbox 595 2137 709 2197; x_wconf 89' lang='lat' dir='ltr'><strong>mutua</strong></span> <span class='ocrx_word' id='word_1_132' title='bbox 733 2155 878 2217; x_wconf 90' lang='lat' dir='ltr'><strong>quaeque</strong></span> <span class='ocrx_word' id='word_1_133' title='bbox 902 2137 1073 2220; x_wconf 81' lang='lat' dir='ltr'><strong>geruntur,</strong></span> 
     </span>
    </p>

    <p class='ocr_par' dir='ltr' id='par_1_5' title="bbox 95 2222 1051 2306">
     <span class='ocr_line' id='line_1_22' title="bbox 95 2222 1051 2306; baseline 0.002 -20"><span class='ocrx_word' id='word_1_134' title='bbox 95 2224 219 2288; x_wconf 91' lang='lat' dir='ltr'><strong>Mentio</strong></span> <span class='ocrx_word' id='word_1_135' title='bbox 242 2224 280 2285; x_wconf 88' lang='lat' dir='ltr'><strong>fit</strong></span> <span class='ocrx_word' id='word_1_136' title='bbox 303 2245 424 2305; x_wconf 88' lang='lat' dir='ltr'><strong>rerum,</strong></span> <span class='ocrx_word' id='word_1_137' title='bbox 448 2223 581 2287; x_wconf 80' lang='lat' dir='ltr'><strong>valeant</strong></span> <span class='ocrx_word' id='word_1_138' title='bbox 604 2243 686 2306; x_wconf 90' lang='lat' dir='ltr'><strong>quae</strong></span> <span class='ocrx_word' id='word_1_139' title='bbox 710 2222 848 2287; x_wconf 87' lang='lat' dir='ltr'><strong>condere</strong></span> <span class='ocrx_word' id='word_1_140' title='bbox 872 2225 1051 2306; x_wconf 89' lang='lat' dir='ltr'><strong>sumptum.</strong></span> 
     </span>
    </p>

    <p class='ocr_par' dir='ltr' id='par_1_6' title="bbox 96 2309 877 2395">
     <span class='ocr_line' id='line_1_23' title="bbox 96 2309 877 2395; baseline 0.001 -20"><span class='ocrx_word' id='word_1_141' title='bbox 96 2313 141 2375; x_wconf 85' lang='lat' dir='ltr'><strong>At</strong></span> <span class='ocrx_word' id='word_1_142' title='bbox 165 2310 294 2394; x_wconf 87' lang='lat' dir='ltr'><strong>quidam</strong></span> <span class='ocrx_word' id='word_1_143' title='bbox 318 2331 405 2394; x_wconf 83' lang='lat' dir='ltr'><strong>pago</strong></span> <span class='ocrx_word' id='word_1_144' title='bbox 429 2310 523 2374; x_wconf 84' lang='lat' dir='ltr'><strong>fulsit</strong></span> <span class='ocrx_word' id='word_1_145' title='bbox 545 2309 714 2373; x_wconf 86' lang='lat' dir='ltr'><strong>Hildulfus</strong></span> <span class='ocrx_word' id='word_1_146' title='bbox 738 2311 772 2373; x_wconf 92' lang='lat' dir='ltr'><strong>in</strong></span> <span class='ocrx_word' id='word_1_147' title='bbox 795 2311 877 2395; x_wconf 89' lang='lat' dir='ltr'><strong>ipsc,</strong></span> 
     </span>
    </p>

    <p class='ocr_par' dir='ltr' id='par_1_7' title="bbox 24 2397 947 2571">
     <span class='ocr_line' id='line_1_24' title="bbox 94 2397 947 2484; baseline 0.001 -21"><span class='ocrx_word' id='word_1_148' title='bbox 94 2400 147 2463; x_wconf 86' lang='lat' dir='ltr'><strong>Ad</strong></span> <span class='ocrx_word' id='word_1_149' title='bbox 169 2400 304 2463; x_wconf 90' lang='lat' dir='ltr'><strong>titulum</strong></span> <span class='ocrx_word' id='word_1_150' title='bbox 326 2397 416 2482; x_wconf 89' lang='lat' dir='ltr'><strong>pacis</strong></span> <span class='ocrx_word' id='word_1_151' title='bbox 439 2397 549 2462; x_wconf 88' lang='lat' dir='ltr'><strong>meriti</strong></span> <span class='ocrx_word' id='word_1_152' title='bbox 573 2398 628 2483; x_wconf 87' lang='lat' dir='ltr'><strong>qui</strong></span> <span class='ocrx_word' id='word_1_153' title='bbox 652 2399 816 2482; x_wconf 88' lang='lat' dir='ltr'><strong>splenduit</strong></span> <span class='ocrx_word' id='word_1_154' title='bbox 839 2399 947 2484; x_wconf 90' lang='lat' dir='ltr'><strong>armis,</strong></span> 
     </span>
     <span class='ocr_line' id='line_1_25' title="bbox 24 2487 875 2571; baseline 0.002 -20"><span class='ocrx_word' id='word_1_155' title='bbox 24 2487 231 2553; x_wconf 79' lang='grc'>60010011000</span> <span class='ocrx_word' id='word_1_156' title='bbox 256 2491 289 2552; x_wconf 91' lang='grc'><strong>00</strong></span> <span class='ocrx_word' id='word_1_157' title='bbox 313 2490 430 2568; x_wconf 90' lang='lat' dir='ltr'><strong>castus,</strong></span> <span class='ocrx_word' id='word_1_158' title='bbox 452 2487 537 2551; x_wconf 91' lang='lat' dir='ltr'><strong>nulli</strong></span> <span class='ocrx_word' id='word_1_159' title='bbox 560 2488 682 2571; x_wconf 89' lang='lat' dir='ltr'><strong>pietate</strong></span> <span class='ocrx_word' id='word_1_160' title='bbox 707 2489 875 2571; x_wconf 85' lang='lat' dir='ltr'><strong>secundus,</strong></span> 
     </span>
    </p>

    <p class='ocr_par' dir='ltr' id='par_1_8' title="bbox 95 2576 951 2662">
     <span class='ocr_line' id='line_1_26' title="bbox 95 2576 951 2662; baseline 0 -22"><span class='ocrx_word' id='word_1_161' title='bbox 95 2576 247 2662; x_wconf 84' lang='lat' dir='ltr'><strong>Angelici</strong></span> <span class='ocrx_word' id='word_1_162' title='bbox 271 2581 381 2642; x_wconf 87' lang='lat' dir='ltr'><strong>coetus</strong></span> <span class='ocrx_word' id='word_1_163' title='bbox 404 2576 634 2662; x_wconf 80' lang='lat' dir='ltr'><strong>vivensquasi</strong></span> <span class='ocrx_word' id='word_1_164' title='bbox 657 2577 785 2642; x_wconf 90' lang='lat' dir='ltr'><strong>culmen</strong></span> <span class='ocrx_word' id='word_1_165' title='bbox 807 2577 951 2660; x_wconf 88' lang='lat' dir='ltr'><strong>adeptus.</strong></span> 
     </span>
    </p>

    <p class='ocr_par' dir='ltr' id='par_1_9' title="bbox 95 2665 1018 2751">
     <span class='ocr_line' id='line_1_27' title="bbox 95 2665 1018 2751; baseline 0 -22"><span class='ocrx_word' id='word_1_166' title='bbox 95 2665 221 2730; x_wconf 88' lang='lat' dir='ltr'><strong>Nuntia</strong></span> <span class='ocrx_word' id='word_1_167' title='bbox 245 2670 432 2731; x_wconf 86' lang='lat' dir='ltr'><strong>sanctorum</strong></span> <span class='ocrx_word' id='word_1_168' title='bbox 457 2689 551 2751; x_wconf 91' lang='lat' dir='ltr'><strong>quem</strong></span> <span class='ocrx_word' id='word_1_169' title='bbox 575 2667 682 2751; x_wconf 89' lang='lat' dir='ltr'><strong>poscit</strong></span> <span class='ocrx_word' id='word_1_170' title='bbox 706 2666 846 2750; x_wconf 87' lang='lat' dir='ltr'><strong>epistula</strong></span> <span class='ocrx_word' id='word_1_171' title='bbox 870 2666 1018 2750; x_wconf 85' lang='lat' dir='ltr'><strong>dignum,</strong></span> 
     </span>
    </p>

    <p class='ocr_par' dir='ltr' id='par_1_10' title="bbox 95 2754 1038 2839">
     <span class='ocr_line' id='line_1_28' title="bbox 95 2754 1038 2839; baseline 0.001 -21"><span class='ocrx_word' id='word_1_172' title='bbox 95 2754 211 2819; x_wconf 87' lang='lat' dir='ltr'><strong>Deleat</strong></span> <span class='ocrx_word' id='word_1_173' title='bbox 233 2760 271 2819; x_wconf 85' lang='lat' dir='ltr'><strong>ut</strong></span> <span class='ocrx_word' id='word_1_174' title='bbox 294 2756 424 2837; x_wconf 87' lang='lat' dir='ltr'><strong>silvam,</strong></span> <span class='ocrx_word' id='word_1_175' title='bbox 449 2757 579 2821; x_wconf 86' lang='lat' dir='ltr'><strong>studeat</strong></span> <span class='ocrx_word' id='word_1_176' title='bbox 603 2777 730 2839; x_wconf 89' lang='lat' dir='ltr'><strong>quoque</strong></span> <span class='ocrx_word' id='word_1_177' title='bbox 753 2755 889 2820; x_wconf 88' lang='lat' dir='ltr'><strong>condere</strong></span> <span class='ocrx_word' id='word_1_178' title='bbox 913 2754 1038 2819; x_wconf 89' lang='lat' dir='ltr'><strong>cellam.</strong></span> 
     </span>
    </p>

    <p class='ocr_par' dir='ltr' id='par_1_11' title="bbox 23 2843 1177 3014">
     <span class='ocr_line' id='line_1_29' title="bbox 95 2843 1177 2926; baseline -0.003 -18"><span class='ocrx_word' id='word_1_179' title='bbox 95 2843 184 2908; x_wconf 85' lang='lat' dir='ltr'><strong>Haec</strong></span> <span class='ocrx_word' id='word_1_180' title='bbox 208 2848 245 2908; x_wconf 94' lang='lat' dir='ltr'><strong>ut</strong></span> <span class='ocrx_word' id='word_1_181' title='bbox 267 2847 421 2909; x_wconf 86' lang='lat' dir='ltr'><strong>materies</strong></span> <span class='ocrx_word' id='word_1_182' title='bbox 445 2845 513 2909; x_wconf 89' lang='lat' dir='ltr'><strong>eius</strong></span> <span class='ocrx_word' id='word_1_183' title='bbox 536 2845 745 2926; x_wconf 86' lang='lat' dir='ltr'><strong>pervulnerat</strong></span> <span class='ocrx_word' id='word_1_184' title='bbox 768 2865 871 2925; x_wconf 88' lang='lat' dir='ltr'><strong>aures,</strong></span> <span class='ocrx_word' id='word_1_185' title='bbox 1129 2866 1177 2906; x_wconf 73' lang='lat' dir='ltr'><strong>rr</strong></span> 
     </span>
     <span class='ocr_line' id='line_1_30' title="bbox 23 2930 907 3014; baseline -0.001 -19"><span class='ocrx_word' id='word_1_186' title='bbox 23 2945 75 2996; x_wconf 76' lang='lat'><strong>575</strong></span> <span class='ocrx_word' id='word_1_187' title='bbox 95 2932 193 2998; x_wconf 89' lang='lat' dir='ltr'><strong>Paret</strong></span> <span class='ocrx_word' id='word_1_188' title='bbox 216 2955 317 2997; x_wconf 87' lang='lat' dir='ltr'><strong>ovans</strong></span> <span class='ocrx_word' id='word_1_189' title='bbox 342 2933 474 2997; x_wconf 86' lang='lat' dir='ltr'><strong>monitis</strong></span> <span class='ocrx_word' id='word_1_190' title='bbox 499 2931 622 2996; x_wconf 83' lang='lat' dir='ltr'><strong>seriens</strong></span> <span class='ocrx_word' id='word_1_191' title='bbox 645 2930 782 3012; x_wconf 80' lang='lat' dir='ltr'><strong>fastigia</strong></span> <span class='ocrx_word' id='word_1_192' title='bbox 806 2931 907 3014; x_wconf 87' lang='lat' dir='ltr'><strong>collis,</strong></span> 
     </span>
    </p>

    <p class='ocr_par' dir='ltr' id='par_1_12' title="bbox 96 3017 928 3107">
     <span class='ocr_line' id='line_1_31' title="bbox 96 3017 928 3107; baseline -0.004 -22"><span class='ocrx_word' id='word_1_193' title='bbox 96 3021 216 3107; x_wconf 80' lang='lat' dir='ltr'><strong>Surget</strong></span> <span class='ocrx_word' id='word_1_194' title='bbox 239 3026 276 3085; x_wconf 92' lang='lat' dir='ltr'><strong>ut</strong></span> <span class='ocrx_word' id='word_1_195' title='bbox 298 3022 440 3106; x_wconf 85' lang='lat' dir='ltr'><strong>ingentis</strong></span> <span class='ocrx_word' id='word_1_196' title='bbox 464 3019 579 3083; x_wconf 91' lang='lat' dir='ltr'><strong>domus</strong></span> <span class='ocrx_word' id='word_1_197' title='bbox 603 3017 773 3082; x_wconf 87' lang='lat' dir='ltr'><strong>aedificata</strong></span> <span class='ocrx_word' id='word_1_198' title='bbox 796 3020 928 3083; x_wconf 87' lang='lat' dir='ltr'><strong>decoris.</strong></span> 
     </span>
    </p>

    <p class='ocr_par' dir='ltr' id='par_1_13' title="bbox 96 3107 904 3189">
     <span class='ocr_line' id='line_1_32' title="bbox 96 3107 904 3189; baseline -0.006 -14"><span class='ocrx_word' id='word_1_199' title='bbox 96 3109 199 3186; x_wconf 78' lang='lat' dir='ltr'><strong>Quam</strong></span> <span class='ocrx_word' id='word_1_200' title='bbox 222 3110 298 3174; x_wconf 89' lang='lat' dir='ltr'><strong>fidei</strong></span> <span class='ocrx_word' id='word_1_201' title='bbox 322 3109 414 3174; x_wconf 91' lang='lat' dir='ltr'><strong>donis</strong></span> <span class='ocrx_word' id='word_1_202' title='bbox 437 3107 574 3171; x_wconf 90' lang='lat' dir='ltr'><strong>horrens</strong></span> <span class='ocrx_word' id='word_1_203' title='bbox 598 3109 749 3170; x_wconf 82' lang='lat' dir='ltr'><strong>matrona</strong></span> <span class='ocrx_word' id='word_1_204' title='bbox 771 3107 904 3189; x_wconf 88' lang='lat' dir='ltr'><strong>pudoris</strong></span> 
     </span>
    </p>
   </div>
   <div class='ocr_carea' id='block_1_5' title="bbox 94 3277 1111 3631">
    <p class='ocr_par' dir='ltr' id='par_1_14' title="bbox 94 3277 1111 3631">
     <span class='ocr_line' id='line_1_33' title="bbox 167 3277 1110 3353; baseline -0.002 -13"><span class='ocrx_word' id='word_1_205' title='bbox 167 3290 219 3340; x_wconf 78' lang='grc'><strong>545</strong></span> <span class='ocrx_word' id='word_1_206' title='bbox 236 3281 417 3339; x_wconf 82' lang='lat' dir='ltr'>‘GYSLENI’</span> <span class='ocrx_word' id='word_1_207' title='bbox 470 3284 522 3335; x_wconf 93' lang='grc'><strong>550</strong></span> <span class='ocrx_word' id='word_1_208' title='bbox 537 3277 732 3348; x_wconf 73' lang='lat' dir='ltr'><strong>‘sponsalitiis’</strong></span> <span class='ocrx_word' id='word_1_209' title='bbox 784 3285 838 3335; x_wconf 85' lang='grc'><strong>554</strong></span> <span class='ocrx_word' id='word_1_210' title='bbox 854 3280 1010 3350; x_wconf 80' lang='lat' dir='ltr'><strong>‘surripiat’</strong></span> <span class='ocrx_word' id='word_1_211' title='bbox 1031 3285 1110 3353; x_wconf 86' lang='lat' dir='ltr'><strong>prius</strong></span> 
     </span>
     <span class='ocr_line' id='line_1_34' title="bbox 94 3349 1110 3411; baseline 0.001 -3"><span class='ocrx_word' id='word_1_212' title='bbox 94 3373 165 3410; x_wconf 85' lang='lat' dir='ltr'><strong>rex</strong></span> <span class='ocrx_word' id='word_1_213' title='bbox 188 3358 206 3411; x_wconf 90' lang='lat' dir='ltr'><strong>b</strong></span> <span class='ocrx_word' id='word_1_214' title='bbox 231 3356 387 3411; x_wconf 86' lang='lat' dir='ltr'><strong>correctum</strong></span> <span class='ocrx_word' id='word_1_215' title='bbox 464 3358 515 3407; x_wconf 87' lang='grc'><strong>559</strong></span> <span class='ocrx_word' id='word_1_216' title='bbox 541 3349 691 3405; x_wconf 79' lang='lat' dir='ltr'><strong>‘contudit&#39;</strong></span> <span class='ocrx_word' id='word_1_217' title='bbox 721 3366 776 3405; x_wconf 89' lang='lat' dir='ltr'><strong>sec.</strong></span> <span class='ocrx_word' id='word_1_218' title='bbox 799 3369 836 3404; x_wconf 90' lang='lat' dir='ltr'><strong>m.</strong></span> <span class='ocrx_word' id='word_1_219' title='bbox 862 3351 985 3407; x_wconf 77' lang='lat' dir='ltr'><strong>‘terruit’</strong></span> <span class='ocrx_word' id='word_1_220' title='bbox 1056 3360 1110 3409; x_wconf 87' lang='grc'><strong>560</strong></span> 
     </span>
     <span class='ocr_line' id='line_1_35' title="bbox 96 3421 1111 3492; baseline 0.001 -12"><span class='ocrx_word' id='word_1_221' title='bbox 96 3427 249 3480; x_wconf 78' lang='lat' dir='ltr'><strong>‘heremus’</strong></span> <span class='ocrx_word' id='word_1_222' title='bbox 306 3424 379 3479; x_wconf 91' lang='lat' dir='ltr'><strong>inter</strong></span> <span class='ocrx_word' id='word_1_223' title='bbox 392 3443 437 3481; x_wconf 86' lang='lat' dir='ltr'><strong>vv.</strong></span> <span class='ocrx_word' id='word_1_224' title='bbox 452 3429 504 3478; x_wconf 93' lang='grc'><strong>565</strong></span> <span class='ocrx_word' id='word_1_225' title='bbox 520 3425 549 3477; x_wconf 92' lang='grc'><strong>00</strong></span> <span class='ocrx_word' id='word_1_226' title='bbox 563 3427 615 3476; x_wconf 95' lang='grc'><strong>566</strong></span> <span class='ocrx_word' id='word_1_227' title='bbox 629 3421 659 3474; x_wconf 90' lang='grc'><strong>10</strong></span> <span class='ocrx_word' id='word_1_228' title='bbox 673 3421 769 3475; x_wconf 90' lang='lat' dir='ltr'><strong>codice</strong></span> <span class='ocrx_word' id='word_1_229' title='bbox 787 3422 969 3476; x_wconf 86' lang='lat' dir='ltr'><strong>intervallum</strong></span> <span class='ocrx_word' id='word_1_230' title='bbox 987 3427 1111 3492; x_wconf 87' lang='lat' dir='ltr'><strong>quatuor</strong></span> 
     </span>
     <span class='ocr_line' id='line_1_36' title="bbox 94 3491 1107 3565; baseline 0.003 -17"><span class='ocrx_word' id='word_1_231' title='bbox 94 3513 240 3565; x_wconf 88' lang='lat' dir='ltr'><strong>versuum,</strong></span> <span class='ocrx_word' id='word_1_232' title='bbox 265 3497 364 3562; x_wconf 86' lang='lat' dir='ltr'><strong>titulo,</strong></span> <span class='ocrx_word' id='word_1_233' title='bbox 387 3501 420 3549; x_wconf 84' lang='lat' dir='ltr'><strong>ut</strong></span> <span class='ocrx_word' id='word_1_234' title='bbox 443 3496 556 3564; x_wconf 90' lang='lat' dir='ltr'><strong>opinor,</strong></span> <span class='ocrx_word' id='word_1_235' title='bbox 579 3491 751 3547; x_wconf 87' lang='lat' dir='ltr'><strong>destinatum</strong></span> <span class='ocrx_word' id='word_1_236' title='bbox 775 3494 826 3547; x_wconf 85' lang='lat' dir='ltr'><strong>est.</strong></span> <span class='ocrx_word' id='word_1_237' title='bbox 901 3498 952 3547; x_wconf 92' lang='grc'><strong>566</strong></span> <span class='ocrx_word' id='word_1_238' title='bbox 973 3494 1107 3564; x_wconf 81' lang='lat' dir='ltr'><strong>‘queque&#39;</strong></span> 
     </span>
     <span class='ocr_line' id='line_1_37' title="bbox 94 3562 1111 3631; baseline 0.003 -12"><span class='ocrx_word' id='word_1_239' title='bbox 94 3570 147 3620; x_wconf 87' lang='grc'><strong>568</strong></span> <span class='ocrx_word' id='word_1_240' title='bbox 158 3567 218 3621; x_wconf 76' lang='lat' dir='ltr'><strong>‘At’</strong></span> <span class='ocrx_word' id='word_1_241' title='bbox 230 3569 244 3620; x_wconf 94' lang='lat' dir='ltr'><strong>t</strong></span> <span class='ocrx_word' id='word_1_242' title='bbox 257 3568 286 3621; x_wconf 91' lang='lat' dir='ltr'><strong>in</strong></span> <span class='ocrx_word' id='word_1_243' title='bbox 300 3583 398 3621; x_wconf 87' lang='lat' dir='ltr'><strong>rasura</strong></span> <span class='ocrx_word' id='word_1_244' title='bbox 438 3564 619 3621; x_wconf 77' lang='lat' dir='ltr'><strong>571‘eaetus’</strong></span> <span class='ocrx_word' id='word_1_245' title='bbox 657 3567 709 3617; x_wconf 79' lang='grc'><strong>572</strong></span> <span class='ocrx_word' id='word_1_246' title='bbox 722 3562 835 3631; x_wconf 83' lang='lat' dir='ltr'><strong>‘poscit’</strong></span> <span class='ocrx_word' id='word_1_247' title='bbox 848 3579 863 3616; x_wconf 94' lang='lat' dir='ltr'><strong>c</strong></span> <span class='ocrx_word' id='word_1_248' title='bbox 877 3578 911 3616; x_wconf 86' lang='lat' dir='ltr'><strong>cx</strong></span> <span class='ocrx_word' id='word_1_249' title='bbox 924 3581 936 3616; x_wconf 89' lang='lat' dir='ltr'><strong>s</strong></span> <span class='ocrx_word' id='word_1_250' title='bbox 952 3571 1111 3622; x_wconf 87' lang='lat' dir='ltr'><strong>correctum</strong></span> 
     </span>
    </p>
   </div>
   <div class='ocr_carea' id='block_1_6' title="bbox 0 0 1182 3946">
    <p class='ocr_par' dir='ltr' id='par_1_15' title="bbox 0 0 1182 3946">
     <span class='ocr_line' id='line_1_38' title="bbox 0 0 1182 3946; baseline 0 1"><span class='ocrx_word' id='word_1_251' title='bbox 0 0 1182 3946; x_wconf 95' lang='lat' dir='ltr'><strong> </strong></span> 
     </span>
    </p>
   </div>
  </div>
 </body>
</html>
