2354 3946
480 143 696 201 PRAEFATIO.
1057 145 1096 199 XI

111 346 209 389 nemus
221 329 369 406 Hagenus
383 329 415 387 in
427 328 506 388 libro
523 329 577 389 illo
600 331 652 405 qui
665 330 840 390 inscribitur
854 330 1010 392 Anecdota
1024 331 1094 390 Hel-

49 446 53 491 ,
110 418 193 493 retice,
216 417 490 477 Grammaticorum
511 419 675 477 latinorum
694 422 766 478 tom.
783 419 843 477 VII
861 440 890 495 p.
912 421 1092 480 189-201

49 514 51 523 ·
110 502 152 564 hoc
168 507 267 566 titulo:
297 508 414 582 Virpitc'i
434 509 620 581 cremantia
644 512 776 582 excerpto
793 511 907 581 partim
928 510 1045 568 inedito.

176 594 292 664 Quanta
303 595 483 655 anctoritate
488 594 637 672 Virgilius
649 596 863 672 grammaticus
873 615 946 658 aevo
958 596 1095 657 Carolino

106 682 165 757 quod
181 683 305 744 dicimus
330 687 361 744 et
378 688 484 759 postea
502 685 607 760 fuerit,
631 703 667 744 ex
688 686 954 760 grammaticorum
975 687 1097 745 illorum

105 773 249 847 temporum
274 773 604 849 praestantissimorum
626 773 712 832 libris
735 773 868 849 colliges.
919 773 1096 834 Citaverunt

105 863 187 919 antem
209 865 346 921 nostrum
370 862 467 921 Beda
490 860 735 937 Venerabilis,
763 861 908 936 Petrus,
933 861 1095 922 Clemens

102 950 218 1023 regmine
251 949 382 1010 Scotus
414 943 513 1030 (euius
541 953 638 1009 artem
674 950 902 1027 grammaticam
930 969 967 1009 ex
995 950 1095 1010 codice

102 1035 302 1114 Bembergcnsi
329 1039 370 1098 M.
384 1039 421 1097 V.
450 1039 490 1097 18
519 1030 686 1120 cognovi1),
716 1037 980 1116 Oruindmelus,
1012 1058 1095 1098 ano·

99 1142 211 1201 nymus
235 1130 341 1187 auctor
364 1127 438 1186 artis
461 1127 620 1186 Bernensis
645 1119 697 1206 (cf.
720 1126 836 1204 Hagen.
855 1129 875 1186 l.
895 1146 918 1188 c.
937 1148 966 1203 p.
987 1130 1026 1187 62
1048 1120 1095 1209 a),

100 1214 193 1288 quibus
212 1215 356 1275 accedent
373 1216 502 1276 fortasse
521 1215 573 1274 alii
592 1216 702 1275 litteris
721 1216 788 1276 aevi
802 1214 933 1276 carolini
952 1217 984 1276 in
997 1218 1096 1276 lucem

98 1302 244 1376 productis,

171 1390 294 1452 Codices
315 1410 391 1468 quos
408 1392 581 1452 enumeravi
598 1410 699 1451 omnes
721 1411 757 1452 ex
776 1411 836 1452 nno
853 1393 1016 1470 archetypo
1034 1412 1094 1453 ser·

99 1497 169 1538 mone
187 1481 307 1556 vulgari
323 1481 435 1557 scripto
452 1480 573 1540 fluxisse
595 1480 751 1555 scripturis
771 1482 909 1541 similiter
923 1483 1094 1559 depravatis

100 1567 240 1642 evincitur,

100 1655 128 1717 cf.
145 1677 171 1732 p.
193 1660 224 1733 4,
266 1659 286 1716 4
305 1654 433 1732 partita]
453 1675 510 1732 per
533 1659 586 1717 illc
607 1660 640 1716 ic
662 1658 701 1735 P,
718 1660 830 1732 peritii
853 1658 897 1735 N;

195 1750 226 1820 7,
249 1748 290 1806 13
308 1763 366 1819 per
390 1743 485 1821 ceras]
502 1763 560 1820 per
582 1751 691 1806 cetuna
709 1746 780 1820 ΡΝ,
797 1751 964 1821 preccteros
986 1747 1027 1825 V,

193 1837 222 1909 9,
267 1837 284 1894 9
308 1830 439 1909 tucciae]
463 1835 585 1894 cuculae
607 1834 644 1908 V,
666 1836 764 1894 curiae
785 1834 817 1907 P,
840 1836 918 1893 mule
940 1835 982 1911 Ν,

49 1930 53 2021 t
171 1926 222 2003 10,
266 1925 284 1982 9
308 1924 372 1982 indi
392 1924 470 1983 mim
488 1925 601 1983 assiam
619 1923 654 1990 P,
677 1925 741 1983 iudi
762 1941 843 1983 mum
859 1941 925 1983 mas
947 1925 1033 1996 seusu
1050 1924 1091 2001 Ρ,

49 2024 52 2037 ’
175 2013 225 2086 15,
245 2013 288 2071 10
311 2008 415 2087 duum]
441 2016 524 2071 tuum
546 2012 585 2086 N,
609 2013 698 2071 triwm
720 2012 759 2087 Ρ,

49 2090 52 2101 ’
172 2101 222 2174 18,
264 2101 283 2158 8
309 2097 559 2176 Alexandream]
576 2101 731 2161 nicanore·
739 2118 880 2176 auruum
889 2101 927 2180 N,
937 2101 1095 2162 alannae

402 2206 545 2262 equorum
567 2189 605 2266 Ρ,
775 2222 782 2236 -

174 2279 225 2350 21,
246 2278 286 2336 21
311 2277 372 2335 hele
394 2268 481 2358 enim]
508 2278 594 2338 cltum
617 2277 651 2351 P,
675 2278 758 2337 eloim
780 2277 822 2353 Ν,

172 2401 223 2474 2⁷,
266 2398 436 2476 seraper]
451 2376 563 2476 cruri
585 2401 617 2473 P,
636 2403 743 2475 cruri
765 2401 807 2478 Νι

171 2491 222 2566 42,
244 2489 285 2547 14
310 2485 448 2565 eandam]
475 2490 575 2549 ecdem
597 2488 668 2566 ΡΝ,

171 2579 285 2654 43,12
311 2594 347 2636 ac
368 2574 483 2653 retinet]
508 2595 575 2638 acre
598 2582 671 2637 tecet
693 2578 727 2655 P,
750 2580 887 2638 ucretiuct
908 2579 951 2656 Ν,

172 2667 286 2740 71,14
309 2683 362 2725 aec
381 2663 476 2741 postu]
500 2683 552 2726 ccc
574 2671 635 2726 estu
658 2665 692 2734 P,
716 2666 786 2728 Exc.
809 2666 902 2727 Nanc.

170 2752 273 2831 Atque
306 2756 504 2832 archetypum
535 2754 612 2814 illud
642 2755 753 2814 litteris
787 2755 918 2816 scotticis
950 2756 1095 2832 scriptum

91 2839 177 2902 fuerit
201 2860 324 2902 neccsse
353 2846 412 2917 est,
441 2862 508 2903 cum
531 2862 550 2903 o
574 2846 605 2903 et
627 2862 661 2920 u,
689 2846 759 2905 cet
780 2848 804 2921 t,
832 2848 903 2905 ret
925 2863 953 2922 s,
981 2863 996 2905 s
1020 2847 1095 2923 ets,

154 3012 181 3082 1)
201 3010 328 3065 Eandem
352 3012 442 3065 artem
465 3011 553 3066 codex
570 3010 740 3081 Reginenuis
764 3017 833 3067 1442
858 3028 878 3065 s.
898 3010 937 3064 XI
959 3010 1094 3081 continet,

86 3080 118 3135 ci
136 3081 171 3136 Η.
185 3081 265 3148 Keil,
285 3081 320 3135 de
338 3081 532 3151 grammaticis
552 3081 721 3150 quibusdam
739 3083 853 3136 infimae
871 3082 974 3136 aetatis
994 3099 1094 3138 comm.

58 3208 62 3215 ,
82 3169 107 3222 p.
118 3159 160 3207 11.
178 3150 1094 3223 AMuiuacuminfolioprimocodicisnomenGainfrediquam-

83 3240 167 3294 qnam
192 3239 280 3278 manu
304 3224 462 3279 recentiore
485 3225 621 3295 scriptum
638 3224 769 3294 legisset,
794 3222 977 3279 Gainfrednm
1001 3241 1094 3294 gram·

79 3295 229 3362 maticum,
252 3293 397 3368 anglicum
418 3293 562 3351 hominem
585 3295 634 3364 qui
651 3296 776 3349 extremo
795 3294 907 3349 saeculo
926 3295 1093 3351 duodecimo

78 3364 255 3492 οΙιζιιίξῆφὶ.
273 3366 362 3434 praef.
381 3384 408 3435 p.
428 3366 487 3436 XI),
513 3366 656 3420 auctorem
682 3365 750 3422 artis
777 3365 836 3421 cius
862 3382 924 3421 esse
946 3383 1093 3436 perperam

75 3453 184 3493 comecr
