2422 3976
146 173 188 238 80
378 172 533 227 VIRGlLlI
549 172 715 227 MARONlS
733 170 931 226 ΕΡΙΤΟΜΑΕ.

145 328 273 409 eopiier.
310 326 388 390 ilem
409 329 588 409 perseelem
609 347 738 424 prosam
761 325 807 403 sio
821 325 900 388 feeit
916 324 990 388 iao·
1007 327 1160 407 contemp

145 417 195 476 ios
215 413 371 493 peeooioe
400 411 462 475 elo·
491 412 526 476 io
560 432 646 476 ororii
673 411 833 475 molimine
860 409 912 473 oi·
935 428 996 490 per
1024 428 1162 474 amorem

140 497 357 578 philosophiae
381 497 442 560 iis·
465 496 562 561 mereti
583 497 637 578 fiet
650 497 752 578 periie
772 493 836 558 hoo
858 497 908 557 esi
930 490 1115 558 laudabilis.

229 580 466 644 Torrentius
488 584 611 644 mot-alo
635 601 722 644 more
745 578 901 662 syllabam
924 598 963 641 ex
985 574 1046 640 hoo
1070 598 1162 643 uersu

118 666 276 729 otrahens
299 669 332 728 el
354 687 392 728 ex
414 664 471 728 illo
494 666 591 730 aliam
612 664 664 728 uel
688 664 905 728 eommolabal
926 661 978 725 uel
998 661 1163 727 minuebat

145 754 240 834 eique
263 749 400 814 addebat
422 750 597 814 seeundum
619 748 700 812 illud
722 754 862 831 temporo
886 766 977 829 »quoe
999 767 1059 811 ro·
1072 768 1160 829 proe·

143 854 237 899 soom
258 854 314 899 siro
336 836 394 899 siro
416 835 486 899 iore
507 836 603 917 poem
624 835 751 916 perirem
765 834 828 899 sibi
843 837 938 897 ruoi-
955 832 1070 896 moedi
1085 852 1163 898 oom-

139 941 224 1002 pope
254 924 377 985 staterio
413 920 476 983 hoo
510 923 560 982 est
594 924 752 1000 quaerero
785 923 926 999 temporo
956 916 1163 998 praefinitum

144 1006 248 1087 finem.
282 1005 360 1067 item
384 1003 477 1083 soriis
499 1023 601 1068 ensem
620 1002 746 1068 Aereeos
762 1003 844 1084 forie
857 1002 1013 1083 porioboi
1039 1002 1077 1065 iri
1101 1022 1162 1068 reo·

107 1109 132 1148 ιο
140 1089 227 1170 pelio
248 1089 348 1170 fideres
372 1107 443 1151 oio·
469 1093 538 1152 toto
560 1088 621 1152 telo
643 1088 744 1168 festior
767 1088 912 1152 oioeeboi
938 1083 1026 1168 quod
1046 1084 1095 1150 sio
1117 1089 1163 1150 eet

145 1191 247 1236 eorem
281 1173 317 1236 ire
346 1191 446 1236 morio
467 1172 631 1254 porioboi.
676 1171 799 1235 Varro
832 1190 959 1254 quoque
995 1169 1108 1235 literas
1135 1168 1163 1234 X

144 1277 254 1320 uersus
277 1259 400 1318 motare
423 1256 511 1320 uisus
534 1260 583 1320 est
603 1278 661 1338 per
684 1257 781 1320 denos
804 1256 979 1320 seeundum
1000 1254 1083 1318 illud
1104 1256 1161 1321 oii-

144 1361 236 1419 ooor,
271 1360 288 1405 o
319 1341 400 1422 oiri,
434 1342 569 1406 dolorem
600 1362 658 1423 pro
691 1344 804 1406 oesirie
834 1339 883 1404 -P-
911 1340 992 1405 siout
1019 1360 1082 1421 pro
1110 1359 1163 1405 soo

142 1427 284 1509 peoeirie
308 1436 404 1507 priato
430 1428 564 1492 sosiioei
591 1425 664 1490 ·A·!
691 1428 763 1507 pois
790 1426 873 1490 eoim
899 1423 977 1504 forii
997 1443 1065 1488 riori
1087 1424 1163 1490 dole

107 1530 132 1569 15
147 1511 248 1574 arreioo
265 1510 323 1589 41,
340 1530 411 1574 eom
426 1532 496 1575 eom
510 1513 545 1575 iri
560 1512 665 1576 moltis
679 1512 789 1576 oideoi
801 1511 917 1574 ioiosie
931 1509 1073 1590 torqueri
1090 1508 1163 1575 ME?

144 1615 201 1660 eor
229 1614 300 1678 erpo
328 1615 368 1660 ree
392 1615 449 1660 eros
477 1597 601 1677 peridem
628 1597 684 1660 lioe
710 1597 790 1659 iosio
818 1595 930 1660 oioitis
959 1593 1076 1674 offerire
1099 1592 1161 1674 ·R·‚

143 1681 258 1745 oresiris
286 1683 322 1744 iri
342 1700 405 1761 pro
432 1685 573 1746 eresirorrr
599 1682 657 1745 eiio
684 1680 845 1744 haurietis
871 1696 983 1744 rorem
1008 1676 1060 1741 N·
1084 1678 1162 1744 redi·

144 1765 280 1847 meridie,
303 1783 379 1845 qoos
401 1766 515 1846 irripere
530 1767 737 1847 proripuerat
755 1764 880 1845 proedo
904 1761 964 1826 M·
980 1763 1163 1844 iniquorum

145 1850 272 1930 cliiiorei,
296 1850 382 1931 plebi
402 1849 636 1931 soperbiiooii?
671 1848 711 1912 ·I·
741 1849 807 1914 ooli
828 1849 935 1929 iioqoe
956 1851 1071 1912 oestro
1089 1868 1162 1931 por·

106 1952 210 1999 rooere
237 1935 362 1999 diuitiis
385 1933 457 2013 ·N·‚
487 1937 558 1999 eom
584 1935 626 1999 sii
652 1935 755 2017 irrepis
782 1934 900 1998 eineis
928 1932 1028 1997 boore
1055 1933 1164 2014 opilio

145 2020 266 2085 amiciis
290 2017 340 2082 ·I·'
368 2017 422 2082 hio
450 2019 589 2100 primum
618 2018 766 2081 diolionis
788 2018 922 2080 uerbum
943 2032 1164 2082 PATEREMIM

145 2105 279 2167 scissum
315 2105 372 2166 est.
415 2122 483 2165 non
512 2123 589 2187 ergo
617 2124 739 2167 nouum
767 2107 916 2186 putemus
944 2121 1014 2164 esse
1044 2122 1163 2167 morem

145 2185 310 2250 scindendi
337 2185 430 2267 fona,
459 2206 531 2250 oum
558 2188 736 2271 antiquitus
764 2187 877 2250 solitus
900 2185 942 2249 sit
965 2184 1050 2267 fieri,
1083 2185 1163 2271 quod

145 2271 195 2334 his
224 2273 424 2354 compertum
454 2291 523 2334 esse
551 2273 687 2355 poterii,
717 2272 772 2354 qui
800 2270 902 2335 scolas
924 2269 1056 2335 Italicas
1079 2274 1161 2336 totas

107 2375 132 2415 2⁵
145 2353 401 2438 Affrioanasque,
433 2354 531 2420 immo
559 2358 593 2420 in
616 2377 815 2439 quacumque
837 2355 905 2439 poli
927 2357 1019 2438 parte
1041 2356 1162 2439 positas

144 2439 262 2504 letinae
289 2439 501 2523 perlustrent:
536 2463 555 2504 a
583 2442 697 2524 quibus
726 2440 809 2505 solel
840 2440 936 2503 eliam
965 2437 1051 2503 aliud
1082 2440 1163 2505 sein·

146 2525 242 2588 dendi
264 2545 366 2609 genus
388 2524 529 2604 adsumi,
553 2528 590 2589 ut
612 2547 650 2589 ex
673 2526 797 2589 duobus
811 2524 899 2588 sonis
915 2544 995 2607 quae
1011 2522 1162 2609 coniungi

145 2608 300 2693 debeant,
334 2613 499 2692 assumpta
533 2630 572 2673 ex
605 2614 740 2693 ueroque
768 2609 893 2693 syllaba
922 2608 1027 2691 prima
1062 2630 1162 2674 unum

143 2693 281 2757 iaciatur
301 2692 429 2772 fenum,
462 2694 557 2759 siculi
579 2716 651 2759 oum
673 2696 815 2760 ordirierrr
837 2714 875 2757 ae
896 2694 990 2778 [idern
1014 2694 1163 2760 uolumus

106 2799 132 2838 eo
145 2778 292 2860 edocere,
315 2779 376 2862 orfi
397 2781 556 2844 succincte
576 2780 772 2844 nominalur.
810 2779 888 2844 ilem
911 2799 983 2842 cum
1004 2780 1112 2845 uitam
1128 2799 1163 2844 ac

214 2970 227 3016 1
246 2965 402 3032 porrectam
442 2980 533 3017 errem
551 2965 594 3029 N,
616 2962 651 3029 of.
674 2962 717 3016 W.
735 2963 844 3032 Meyer,
862 2963 964 3018 Iridis
983 2962 1017 3017 de
1033 2963 1161 3019 Antielir.

141 3047 170 3099 p.
187 3035 222 3086 76
239 3033 248 3100 ΙΙ
265 3037 280 3084 2
299 3031 405 3094 omnib;
421 2981 481 3099 {in
497 3036 513 3084 6
530 3032 658 3100 tempore
676 3031 711 3084 N
725 3031 735 3098 11
753 3036 767 3083 7
785 3031 840 3084 sibi
857 3032 921 3085 rint
936 3032 971 3085 N
980 3031 989 3098 ΙΙ
1005 3037 1036 3086 10
1053 3030 1164 3110 festim]

146 3099 246 3153 vertim
263 3100 308 3161 N,
327 3116 366 3153 aro
383 3099 583 3167 venenorum
600 3099 718 3152 suetonii
729 3099 763 3152 N
772 3099 782 3167 ΙΙ
793 3099 870 3178 forti]
904 3100 964 3153 orte
975 3099 1010 3153 N
1018 3114 1090 3159 oorr.
1102 3099 1163 3153 Mar

144 3167 248 3286 Hlelet
265 3168 299 3221 N
313 3182 382 3223 oorr.
400 3166 465 3220 Mai
476 3167 487 3235 ΙΙ
502 3172 531 3219 ll
550 3166 664 3219 aurietis
675 3166 710 3220 N
718 3181 786 3220 corr.
806 3167 869 3220 Mor
881 3116 1002 3235 ffigazam
1020 3166 1088 3221 Mai
1099 3169 1109 3238 ΙΙ
1121 3183 1162 3222 re·

164 3234 283 3288 rmendie
296 3249 364 3291 oorr.
377 3234 443 3287 Mai
454 3235 464 3303 ΙΙ
479 3240 509 3287 19
521 3234 714 3302 supervental1
725 3233 768 3300 N,
787 3234 926 3302 superbae
939 3233 1021 3287 dolos
1032 3234 1099 3290 Mai
1110 3237 1121 3305 l
1133 3241 1164 3290 20

144 3335 239 3389 devios
252 3336 304 3404 Nl
317 3340 349 3388 22
367 3315 497 3402 pleimus
514 3335 548 3388 N
562 3335 572 3402 ιι
590 3341 622 3388 22
632 3334 650 3388 f.
669 3350 746 3390 more
765 3335 855 3389 senei
871 3335 967 3390 sonam
984 3350 1055 3391 corr.
1074 3335 1161 3407 Maon

144 3409 177 3455 24
193 3403 282 3457 scalas
293 3404 327 3457 N
336 3404 346 3470 [Ι
359 3407 391 3455 26
403 3402 496 3456 solent
506 3402 541 3455 N
549 3404 559 3471 ΙΙ
572 3407 604 3456 30
617 3402 668 3457 orfi
680 3403 819 3458 eueoinote
831 3403 942 3471 scripsi,
961 3402 1069 3458 orfeeeu
1082 3405 1162 3460 eante

143 3471 187 3536 N,
207 3469 312 3539 Orphei
330 3471 428 3523 eonius
446 3469 518 3523 Mai.
