2354 3946
83 179 146 245 158
393 179 439 235 IX.
467 178 557 234 VITA
581 180 607 235 S.
628 179 781 236 slsunrd.

11 359 62 407 210
83 342 265 408 ‘Incensum
289 343 364 407 fidei
387 364 495 407 rerum
519 342 662 408 fumesco
686 341 814 407 tonanti
923 350 928 357 ’

81 431 150 497 Nee
174 433 274 497 timor
297 437 347 496 est
371 432 459 496 cordi
481 451 573 515 reges
598 434 804 495 contemnere
828 430 964 496 mundi?

159 606 239 672 Quod
258 607 311 662 viri
330 607 375 661 dei
395 606 530 661 sanct’tas
548 621 645 674 regem
663 622 720 660 non
737 605 869 672 latuerit,
888 622 977 674 quem
995 611 1027 664 et

314 676 517 732 benedictionis
536 693 603 732 suae
621 676 716 747 gratia
734 675 858 730 donavit.

81 786 236 872 Princeps
259 808 359 852 necne
383 786 479 850 decus
503 785 715 865 Francorum,
739 806 796 848 rex
818 782 1049 873 Dagobertus,

80 875 188 940 Milite
211 877 352 940 vallatus
376 896 443 940 non
466 874 574 939 differt
597 874 725 940 tradere
748 873 870 955 vultus,

83 963 153 1040 Quo
178 964 279 1027 lituus
303 963 456 1046 crepitat,
480 968 583 1028 semet
606 984 669 1046 quo
692 961 787 1026 miles
809 961 964 1029 habebat.
1024 958 1027 962 ’

11 1050 194 1116 2200011111
216 1052 251 1114 in
274 1051 415 1115 adventu
439 1052 569 1136 signum
593 1050 744 1115 mirabile
767 1048 869 1114 dictu:

81 1139 205 1222 Lynces
230 1160 343 1202 secura
366 1138 544 1222 gaudentes
569 1139 693 1204 seilicet
716 1160 802 1202 ursa.

80 1225 219 1292 Cernere
243 1229 314 1290 erat
337 1224 461 1290 rabiem
485 1248 647 1291 summam
672 1228 795 1312 cepisse
819 1225 977 1309 quietem:

80 1314 236 1379 Latratus
259 1313 424 1400 perimunt
448 1314 567 1379 caudas
591 1319 762 1400 terraeque
786 1314 976 1400 remittunt,

82 1403 198 1469 Omnia
222 1402 348 1469 Gisleni
371 1402 480 1467 videas
504 1407 541 1467 ut
563 1405 695 1469 numine
718 1403 806 1468 ferri.

11 1509 62 1557 220
80 1492 219 1557 Profluit
241 1493 315 1557 hinc
338 1492 425 1556 labio
449 1493 526 1556 talis
551 1493 709 1558 sermonis
734 1492 839 1576 origo:

81 1580 247 1645 ‘Germine
271 1603 335 1665 quo
359 1581 486 1663 rutilas,
509 1582 560 1646 vel
585 1603 649 1665 quo
672 1581 859 1645 titulamine
881 1584 1027 1666 constas,

80 1669 251 1734 Moenibus
274 1670 309 1734 in
331 1669 451 1733 nostris
475 1669 615 1734 monstri
640 1670 695 1753 qui
717 1669 823 1733 factor
846 1667 1004 1734 haberis?

81 1756 173 1833 Quod
196 1759 272 1841 tibi,
296 1757 355 1841 dic,
378 1779 511 1842 nornen,
534 1758 624 1821 cuius
649 1757 777 1822 telluris
801 1760 834 1820 et
856 1755 965 1820 idem?

80 1845 215 1911 Praesul
238 1847 382 1912 adhaec
406 1846 500 1911 dictis
525 1850 615 1912 totus
639 1845 806 1930 conspirat
828 1845 864 1907 in
885 1844 976 1910 istis:

11 1951 62 2000 230
83 1934 230 2000 ‘Graecia
253 1935 400 2000 nativum
423 1935 541 2000 tribuit
564 1935 640 1999 dum
663 1934 824 2019 praecluis
848 1937 973 2017 ortum,

81 2023 197 2088 Visere
219 2024 363 2088 famosas
388 2023 531 2087 studium
555 2024 720 2106 subrepsit
741 2021 900 2104 Athenas,

82 2111 122 2177 Se
146 2113 223 2196 quia
246 2111 428 2175 mundanae
451 2113 615 2194 persuasit
636 2134 712 2176 cura
736 2111 880 2195 sophiae.

82 2201 232 2265 Gislenus
257 2198 355 2276 dicor,
379 2197 503 2262 Christi
525 2200 725 2281 baptismate
747 2198 881 2284 fungor3

80 2285 297 2370 Praestigium
320 2285 397 2368 vite,
420 2287 529 2349 zabuli
553 2286 661 2350 divina
683 2286 800 2352 refuto.

10 2391 60 2440 235
80 2375 250 2438 Vileseunt
274 2373 392 2456 animo,
415 2373 527 2436 mundi
551 2396 632 2457 quae
655 2375 774 2458 perflat
798 2397 914 2461 arug03

80 2462 191 2547 Diligo
215 2484 290 2525 narn
315 2461 494 2543 dominum,
519 2463 575 2546 qui
597 2463 703 2527 tendit
727 2464 768 2528 ad
791 2467 900 2530 omnia
923 2469 1081 2554 palmum,
1111 2494 1127 2533 r.
1138 2485 1163 2534 1ῐ

80 2550 187 2635 Ipsius
212 2555 245 2614 et
269 2550 365 2615 claris
388 2551 529 2616 meditor
552 2553 706 2637 prosodia
727 2554 823 2618 votis.
1108 2565 1168 2604 001³

79 2637 220 2703 Nomine
243 2662 309 2703 non
332 2642 449 2706 merito
473 2663 600 2707 necnon
623 2643 691 2708 vice
714 2643 873 2727 praesulis
897 2643 993 2710 utor.'

79 2727 174 2791 Talia
197 2728 293 2792 corde
316 2732 430 2794 tenens
454 2736 567 2796 sancto
591 2753 647 2796 rex
670 2731 743 2795 infit
767 2731 882 2795 eidem:

151 2978 203 3026 211
215 2973 351 3028 ‘tumesco
366 2971 489 3027 tonanti'
501 2989 587 3041 usque
602 2972 639 3026 ab
654 2976 777 3029 extremo
792 2974 965 3031 lineamento
979 2976 1093 3034 litterae

77 3059 107 3093 m
125 3041 155 3095 in
173 3060 271 3097 rasura
338 3050 390 3098 216
412 3043 631 3111 ‘contempnere’
694 3049 746 3096 220
767 3044 894 3101 ‘euentu'
915 3048 934 3101 d
956 3065 1092 3117 superscr.

78 3116 129 3164 221
147 3113 269 3167 ‘Linces'
324 3120 375 3168 222
393 3112 540 3182 ‘caepisse’
592 3118 645 3167 224
661 3112 843 3168 ‘GYSLENI’
895 3123 947 3171 226
968 3118 1091 3174 ‘contar'

78 3187 130 3237 227
147 3182 296 3237 ‘Manibus’
314 3203 377 3239 cum
396 3201 491 3239 omnes
509 3182 593 3236 huius
608 3183 728 3254 paginae
743 3184 856 3240 litterae
872 3188 993 3258 grandes
1007 3189 1092 3245 rubro

78 3253 171 3306 colore
188 3253 290 3322 pictae,
309 3257 370 3310 tum
387 3255 459 3309 haec
477 3270 565 3323 paene
584 3254 648 3308 tota
666 3256 781 3308 evanuit
796 3258 936 3313 ‘monstri'
953 3277 985 3312 su
1008 3276 1091 3315 erscr.

81 3323 186 3378 ‘huius’
240 3329 291 3377 228
310 3329 376 3394 post
391 3324 466 3381 ‘tibi’
485 3324 555 3393 ‘sit’,
574 3327 640 3394 post
656 3324 788 3379 ‘telluris’
808 3327 869 3380 ‘sis'
888 3346 972 3398 supra
985 3277 1092 3385 fineam

79 3394 215 3464 scriptum
234 3398 327 3450 exstat
372 3402 425 3451 230
441 3395 560 3450 ‘Grotia'
603 3401 653 3450 231
671 3394 828 3450 ‘athaenas’
873 3405 924 3452 232
941 3399 1000 3454 ‘Se’
1015 3401 1093 3469 prin·

78 3465 183 3535 cipium
201 3464 280 3520 verbi
300 3467 367 3520 satis
387 3471 494 3522 certum
558 3471 609 3521 233
631 3465 846 3522 ‘GYSLENVS'
903 3474 955 3522 234
976 3470 1092 3526 ‘Frenti-

78 3537 167 3606 gium’
225 3541 277 3591 238
298 3535 431 3605 ‘praesul'
452 3537 476 3593 is
496 3554 631 3607 superscr.
