2354 3946
103 152 168 217 130
355 151 429 207 VIII.
458 150 611 207 CARMEN
630 150 679 205 DI]
698 149 725 205 8.
739 148 858 206 nucu.

102 314 148 380 Et
171 315 247 379 dum
271 315 395 380 devotis
420 315 537 379 animis
561 313 667 379 oratio
691 314 828 398 supplex

103 403 262 469 Tenditur
284 405 318 469 in
342 405 476 488 longum
501 403 731 488 geminantque
755 424 864 467 moras
889 402 1080 490 rogitando,

102 491 205 558 Facta
228 515 344 578 sopore
368 492 477 578 gravis
501 491 627 557 modica
651 494 683 556 et
707 491 860 574 depressa
884 491 997 575 quiete

49 599 85 649 90
104 581 210 667 Virgo
234 581 333 647 Lucia
356 603 483 646 sacram
506 602 564 664 per
587 602 737 645 somnum
760 578 865 644 cernit
888 579 1049 665 Agathen

103 670 274 736 Dicentem
298 670 374 735 sibi:
397 668 507 748 ‘Quid
531 668 762 757 pulcherrima,
786 667 864 752 quid
886 669 976 753 petia
1001 693 1022 735 a
1045 692 1107 754 me,

104 759 131 825 Ο
154 759 235 823 felix
259 759 378 824 ancilla
402 758 467 843 dei,
490 758 612 841 poteris
637 757 713 822 dare
737 757 822 841 quod
846 779 924 822 mox

103 849 181 933 Ipsa
203 851 279 912 tuae
303 847 417 931 matri,
441 846 517 931 quia
541 845 675 932 dignum
699 846 795 910 dorna
817 845 946 930 parasti

103 936 305 1022 Virginitate
328 941 385 1001 tua
409 936 565 999 mundum
591 935 659 999 sine
682 935 745 999 fine
767 935 918 1020 regenti?

50 1040 86 1091 90
105 1025 158 1091 En
180 1029 239 1088 tua
262 1028 393 1097 curatur
417 1023 565 1108 genetrix
587 1022 720 1088 Euticia
742 1021 896 1108 prorsus?

105 1114 210 1190 Quam
234 1112 390 1176 comitata
413 1111 501 1175 salus
526 1111 681 1176 adventet
706 1112 746 1176 ab
771 1111 902 1177 aethere
926 1134 1044 1178 100011

105 1200 200 1266 Ostia
223 1199 394 1264 confestim
417 1198 594 1282 prohibens
619 1200 776 1265 damnosa
799 1201 923 1265 cruoris

103 1288 150 1352 Et
174 1288 266 1353 siccis
289 1287 369 1352 rivis
393 1287 445 1352 via
469 1287 599 1351 tollitur
623 1293 699 1353 ante
722 1288 851 1355 fluendi.

105 1376 132 1442 Ο
157 1375 367 1441 memoranda
391 1375 441 1440 dei
464 1376 587 1460 iugIter
609 1378 664 1460 pia
686 1377 827 1461 viscera,
849 1378 983 1462 quantis

35 1481 87 1532 100
105 1463 308 1532 Subveniunt
331 1465 480 1549 impensa.
504 1466 609 1529 modis
632 1466 842 1549 poscentibus
865 1466 939 1551 ipsa

105 1554 307 1641 Praegrandi
331 1555 454 1641 gemItu
477 1554 686 1638 lacrimisque
709 1555 894 1641 rigantibus
919 1557 991 1620 ora!

106 1644 186 1720 Quis
209 1643 298 1709 valet
321 1644 497 1708 immensas
522 1643 674 1709 attollere
697 1644 848 1708 laudibus
873 1643 970 1728 aptis,

106 1729 247 1814 Christe,
270 1732 319 1796 tui
342 1733 501 1797 bonitatis
526 1732 626 1817 opes?
668 1730 755 1806 Quas
779 1733 870 1797 nulla
894 1737 1070 1800 morantur

105 1819 343 1906 Impedimenta
364 1843 484 1886 nocens
509 1823 541 1885 et
563 1843 630 1886 non
654 1821 829 1906 opponitur
853 1821 950 1905 obex3

35 1923 87 1975 100
107 1910 241 1995 Absque
264 1932 356 1976 mora
379 1909 510 1995 largiris
534 1931 589 1974 eas
612 1909 829 1975 clamantibus
854 1910 895 1974 ad
917 1912 961 1994 te,

105 1998 203 2064 quta
227 1999 313 2084 quod
336 2021 529 2084 quemquam
555 2021 688 2063 curvum
711 1998 855 2063 decernis
879 2018 985 2083 egere.

106 2087 152 2153 Et
176 2110 248 2152 cum
272 2088 427 2172 disponas
451 2087 563 2151 mundi
586 2087 689 2152 totius
712 2087 857 2152 habenas

105 2176 347 2260 Imperiumque
370 2179 463 2239 tuum
486 2175 641 2239 timeatur
663 2175 782 2258 ubique
806 2177 967 2260 locorum,

107 2263 210 2328 Nulla
233 2268 343 2327 tamen
366 2285 579 2346 personarum
601 2263 666 2327 nisi
687 2285 813 2348 pauper
837 2265 920 2349 apud
945 2269 980 2330 te

37 2367 88 2416 110
109 2350 302 2434 8000101001,
325 2372 406 2433 0100
430 2355 463 2415 00
486 2350 624 2414 nimium
648 2351 727 2415 colit
751 2357 848 2437 atque
872 2357 1011 2421 veretur.

107 2436 270 2503 Sublimes
294 2458 380 2521 vero,
403 2438 546 2522 propriis
570 2438 626 2521 qui
648 2439 776 2504 nisibus
801 2442 869 2505 alta

107 2524 268 2592 Scandere
293 2527 463 2613 desudant,
486 2526 521 2591 in
543 2550 698 2613 praeceps
722 2530 846 2616 grande
869 2529 1028 2598 feruntur.

106 2614 193 2679 Nam
217 2619 275 2682 tua
298 2640 361 2683 101
385 2618 521 2683 clamat:
545 2615 621 2694 ‘Qui
645 2641 773 2685 summa
797 2619 837 2683 ad
861 2619 1004 2685 culmina
1028 2622 1112 2690 ferri

106 2702 151 2768 Vi
174 2706 308 2790 propria
332 2710 448 2791 certat,
472 2711 640 2793 mergetur
663 2709 799 2793 inusque
822 2707 1034 2796 profundum,
1082 2774 1086 2781 ,

36 2806 89 2856 110
107 2791 153 2857 Εο
177 2795 233 2878 qui
257 2817 291 2859 se
316 2797 426 2860 subdit
450 2797 583 2861 humilis
607 2798 658 2863 111
680 2800 809 2885 legibus
834 2798 938 2881 almis,

109 2879 230 2967 Surget
253 2884 292 2948 ad
318 2884 386 2948 alta
409 2886 478 2967 poli
502 2882 653 2950 ditandus
677 2887 801 2952 honore
824 2885 977 2972 perenni?

108 2969 238 3045 Quanta
261 2976 336 3037 tuos
361 2972 465 3036 virtus
490 2973 613 3038 exaltat
636 2978 669 3037 et
693 2996 763 3038 esse
787 2974 901 3040 beatos

107 3056 274 3141 Destinat,
299 3082 335 3125 os
358 3060 394 3123 in
417 3067 527 3127 monte
551 3066 642 3126 tuum
664 3061 798 3125 famulis
822 3061 869 3127 ita
892 3063 1028 3129 factum:

181 3237 213 3287 87
235 3234 340 3288 ‘oracio
364 3234 472 3304 suplex'
535 3239 568 3289 88
590 3233 801 3304 ‘gemnantque’
868 3241 902 3289 90
923 3237 1027 3293 ‘sacra'
1091 3247 1126 3297 90

110 3301 255 3374 ‘gaultrix'
335 3311 368 3359 97
396 3306 573 3375 ‘dampnosa'
649 3310 700 3359 100
726 3305 769 3359 ‘iu
795 3307 892 3375 pensa'
968 3314 1018 3362 101
1047 3310 1126 3367 ‘Pre-

108 3374 219 3446 grandI'
297 3380 348 3431 102
369 3375 531 3432 ‘inmensae’
608 3381 659 3430 103
675 3375 740 3430 ‘tui'
761 3392 798 3431 en
818 3377 923 3434 ‘tuae’?
998 3386 1049 3433 104
1068 3383 1125 3437 ‘In-

108 3445 281 3543 pedimenta'
310 3445 357 3501 ‘ob
379 3447 423 3502 ex’
487 3453 536 3501 100
558 3447 672 3503 ‘tocius’
735 3454 785 3502 112
807 3449 946 3518 ‘preceps’
1010 3457 1062 3506 114
1083 3453 1126 3508 ‘in

107 3534 198 3588 usque
