2354 3946
434 198 480 253 111.
507 198 556 253 ou
574 197 707 255 nereo.
1021 200 1080 265 155

69 352 168 417 modus
196 351 396 417 indicatiuus
425 351 573 418 omnibus
602 352 819 435 supereminet
847 354 880 415 et
907 351 1020 415 ordine
1048 356 1080 415 et

67 436 185 503 uirtnt.

138 520 214 585 Hiis
241 540 333 585 nunc
358 521 498 603 peractis
520 519 625 584 solum
646 519 729 600 quod
752 523 852 585 restat
874 519 1078 603 explicemur,

65 604 306 671 declinationem
337 604 462 669 scilicet
489 625 570 689 quae
600 606 748 669 omnibus
775 606 952 669 scolaribus
981 602 1079 667 etiam

64 690 163 775 pueris
193 693 346 773 prompta
373 694 424 753 est
445 710 482 753 ac
503 691 591 753 trita.
635 710 748 752 uerum
771 691 944 787 secundum
965 692 1078 771 poetas
1104 705 1117 745 5

62 773 1079 940 tutatust?dtlltdtttttstultit

61 944 133 1009 bum
158 943 385 1027 monosyllabo
411 940 587 1007 secundum
615 945 791 1024 promisum
814 944 849 1006 in
872 941 1079 1025 indagatione

60 1028 227 1093 dilatatum
250 1028 456 1092 declinemus.
488 1027 622 1091 uerbum
637 1027 782 1092 neutrale
798 1026 1079 1110 monosyllabatim

59 1112 234 1179 indicatiuo
267 1112 354 1177 dicto
383 1113 477 1177 modo
505 1112 547 1195 {lo
573 1113 706 1195 flamus,
738 1113 800 1194 flos
826 1113 927 1194 fletis,
958 1111 1079 1193 flatum
1093 1128 1118 1166 10

60 1198 231 1282 flammas,
252 1198 336 1280 fluat
354 1198 442 1279 flate,
465 1198 511 1279 fla
525 1197 618 1279 flam,
640 1198 750 1294 imi
764 1197 886 1279 dolote,
908 1196 980 1293 flam
993 1196 1080 1277 flato,

59 1282 546 1452 ttdtltltlttlttd
560 1280 1081 1449 tltttltdttttttttt

59 1452 156 1517 uerbo
183 1454 367 1535 prosatores
395 1451 513 1534 quique
542 1471 579 1514 ac
606 1448 757 1515 uersidici
783 1470 968 1515 mensurare
996 1449 1081 1513 uale-

58 1535 156 1623 bunt)
177 1536 278 1600 etiam
301 1536 342 1599 ad
364 1534 572 1618 dissyllabata
591 1535 774 1618 tendamus,
798 1556 879 1619 quae
894 1535 939 1598 sic
954 1554 1079 1597 mensu·
1094 1549 1119 1588 1⁵

10 1694 12 1709 Ι
59 1624 172 1687 rentur
194 1620 307 1703 wado,
329 1620 515 1701 laudamus,
539 1620 693 1702 madetis,
710 1620 840 1699 mades,
856 1619 1079 1698 laudaturam,

10 1720 12 1725 '
59 1706 177 1787 laada,
202 1704 354 1785 madoci,
376 1705 534 1782 laudasti,
556 1704 824 1783 locdaamemas,
841 1703 956 1784 lauda,
973 1702 1080 1766 laude-

58 1789 461 1941 ttadtllattld‘
480 1785 1079 1939 retruderemus

58 1960 141 2025 scire
163 1920 318 2022 debenins
340 1922 558 2041 trissyllabata
579 1923 678 2022 uerlia
699 1978 757 2040 per
778 1920 873 2018 hosio
888 1974 999 2018 uersus
1015 1973 1080 2015 non
1095 1970 1119 2009 ro

57 2048 125 2109 tam
153 2041 252 2109 facile
278 2063 373 2126 posse
401 2042 463 2106 nisi
491 2063 549 2126 per
577 2042 748 2107 scissuram
774 2038 912 2124 pensari.
950 2042 983 2102 ct
1010 2037 1081 2101 ideo

59 2128 133 2213 quia
159 2127 237 2192 finis
265 2126 419 2210 epistolae
446 2127 480 2190 in
508 2127 652 2210 proximo
684 2129 746 2204 est,
777 2125 817 2189 ad
839 2121 1081 2206 tetrasyllabata

58 2216 279 2295 sanamus,
306 2231 389 2295 quae
418 2211 465 2275 sic
491 2211 708 2276 declinantur:
735 2210 893 2291 intellcpo,
920 2206 1079 2290 intellcpia

60 2298 292 2381 menaporum,
321 2295 484 2379 iamllepc't,
511 2296 707 2379 iamllcpunt,
730 2295 961 2377 intellepcatcr.
999 2293 1080 2356 scire

59 2388 90 2448 et
123 2383 287 2447 annotare
323 2379 418 2444 debet
452 2380 672 2463 unusquisque
707 2379 954 2459 uersidicorum,
996 2376 1081 2459 quod
1094 2393 1119 2433 ce

57 2464 309 2552 unumquodque
336 2465 449 2529 sonum
481 2485 540 2548 pro
568 2463 672 2528 dubiis
704 2463 838 2546 longum
867 2463 1016 2526 breuibus
1045 2461 1079 2524 in

57 2572 155 2617 uersu
175 2554 212 2615 et
232 2552 336 2614 metro
359 2551 597 2616 annumeretur.
630 2569 728 2629 nunc,
752 2548 835 2612 sicut
848 2545 1080 2630 promissimus,

57 2636 263 2723 epistolarem
285 2655 465 2700 sermonem
486 2633 646 2698 finiamus.

121 2880 139 2928 5
153 2871 297 2995 ffimpta
314 2868 346 2922 N
361 2870 399 2937 lss
416 2884 500 2937 prosa
516 2868 552 2923 N
558 2870 569 2937 ΙΙ
583 2875 597 2922 'l
615 2868 680 2934 fort.
699 2866 814 2934 syllabis
827 2867 866 2933 118
883 2863 1078 2932 monosyllabo

56 2942 135 3021 nlo

175 2941 182 2951 '
215 2942 279 2992 tum
292 2936 327 2991 N
334 2950 402 2991 corr.
416 2937 481 2991 Mai
493 2937 503 3004 ΙΙ
517 2942 548 2990 14
565 2939 698 3004 pucatres
707 2935 794 3055 paim
813 2934 858 3001 N,
883 2931 1000 3002 pateant
1018 2929 1078 2982 uni-

56 3024 157 3079 cuique
174 3006 244 3061 rrae·
260 3007 270 3074 l
289 3003 430 3058 versudici
448 3003 482 3059 N
499 3005 504 3069 l
521 3010 552 3057 21
569 3003 690 3057 scissura
754 3003 764 3071 11

783 3008 815 3054 22
834 2999 954 3068 epistula
972 2996 1007 3048 N
1020 2997 1030 3062 ΙΙ
1047 2999 1079 3048 ‘25

56 3078 194 3131 mutare
212 3074 250 3129 N
290 3077 324 3126 26
347 3089 366 3138 p
389 3071 456 3138 dub;
517 3111 524 3135 ‚
567 3071 646 3125 rocul
670 3070 757 3123 dubio
777 3069 842 3122 Mai
858 3069 868 3134 ΙΙ
886 3071 919 3120 28
936 3063 1077 3130 finiamus]

55 3141 251 3199 rxrmcrr¹
294 3137 382 3192 RTIA
399 3138 447 3192 DE
466 3088 598 3195 VERNO.
