2354 3946
479 117 694 173 PRAEFATIO.
1029 119 1096 174 XIII

170 303 279 362 Restat
296 305 332 361 nt
345 303 383 361 de
401 303 599 378 epitomurnm
614 303 725 377 ordine,
745 321 835 379 quem
848 304 881 363 in
894 305 949 364 hac
965 304 1095 364 editione

102 389 211 463 institui,
237 394 269 451 et
292 391 328 450 de
352 391 469 450 ratione
492 391 537 450 rei
560 391 810 468 orthographicas
832 411 928 467 pauca
951 393 1095 452 adferam.

102 477 243 556 Virgilium
252 483 300 539 ter
309 480 416 555 quinas
426 481 572 556 epitomes
583 481 850 540 confecisseverbi
860 482 990 542 auctoris
1000 483 1095 556 ipsius

102 572 217 643 apparet
244 567 327 628 DioIt
341 569 420 627 enim
433 589 461 644 p.
472 570 573 645 121,8
585 615 606 628 ..
620 586 669 642 epo
682 570 745 642 pse
757 572 790 628 in
804 572 934 643 epilomis
951 574 1001 629 ter
1019 573 1094 644 qut·

98 659 142 716 cis
154 674 272 716 numero
282 660 440 730 proprium
448 659 618 731 pronomini
631 659 787 717 indisertis
800 660 975 731 opuseulum.
1005 658 1096 717 Pres-

99 748 166 804 Ieres
175 745 331 821 inscriptio
343 745 405 804 cod.
416 745 546 805 Parisini
559 747 638 804 hunc
653 746 779 804 eundem
788 765 946 804 numerum
956 748 1096 819 servasii,

96 833 161 909 cip.
178 838 194 893 1
212 831 396 892 MARONIS
410 832 582 893 VIRGILII
601 831 810 892 ORIVNTVR
827 833 1095 894 AIIPI'IHOMAE

96 921 149 982 XV.
165 923 266 998 Atque
273 922 407 997 priorum
415 923 548 998 capilum
558 923 692 981 ordinem
699 923 786 981 facile
797 942 832 982 ex
839 922 983 982 librorum
990 942 1097 982 msuu-

95 1011 259 1087 scriptorum
275 1010 521 1086 inscriptionibus
537 1011 845 1087 subscriptionibusve
858 1012 1024 1071 constituas
1039 1012 1096 1072 ita:

93 1097 112 1159 I.
124 1099 173 1158 DE
188 1098 408 1158 SAPIENTIA
428 1092 476 1178 (P,
491 1100 528 1158 N
540 1101 572 1157 in
585 1090 706 1179 marg),
724 1099 764 1158 II.
778 1099 832 1158 DE
850 1100 1030 1158 LITTERA
1044 1093 1096 1181 (cf.

94 1187 191 1247 subscr.
211 1187 275 1247 cod.
290 1179 403 1267 Vind),
425 1187 482 1248 ΠΙ.
502 1187 557 1246 DE
585 1187 770 1247 SYLLABA
790 1179 859 1269 (V),
883 1188 934 1247 IV.
953 1188 1006 1247 DII
1025 1189 1096 1248 ΜΕ-

94 1275 169 1336 l'RlS
184 1268 256 1357 (N),
270 1277 306 1334 V.
321 1274 376 1334 DE
392 1275 550 1336 NOMINE]
566 1268 636 1357 (V).
655 1275 828 1352 Capitulum
842 1279 944 1336 autem
962 1278 999 1336 de
1017 1280 1096 1336 cats-

93 1363 150 1440 Iogo
167 1365 432 1445 grammaticorum
445 1365 525 1441 quod
538 1365 570 1423 in
584 1365 619 1424 N
627 1384 785 1424 numerum
796 1365 824 1423 V
834 1358 977 1445 (fortasse
992 1385 1027 1425 ex
1041 1365 1097 1424 XV

94 1445 293 1534 depravatum)
312 1471 386 1529 prae
404 1472 436 1513 se
455 1453 529 1530 fert,
552 1454 751 1528 epitomnrum
771 1472 846 1530 opus
865 1454 1010 1514 clausIsse
1029 1473 1096 1513 oum

43 1566 45 1579 ·
96 1559 124 1600 ex
141 1542 272 1602 auctoris
291 1543 391 1602 verbis
414 1542 446 1600 in
467 1541 527 1601 fine
551 1542 657 1618 cepitis
680 1542 788 1617 positis
811 1563 839 1618 p.
864 1544 920 1602 92:
944 1543 1027 1602 Haec
1045 1561 1095 1602 vo·

96 1629 129 1688 ts
148 1648 163 1689 o
180 1631 296 1690 sodales
319 1634 404 1703 atque
426 1632 577 1698 descrentes,
606 1631 700 1704 repom
716 1636 912 1705 palemonem
935 1632 1018 1690 libris
1035 1648 1095 1704 pro

96 1723 250 1778 cmdormn
272 1720 396 1779 otilttote
418 1724 503 1792 apos
526 1721 619 1779 solcis
642 1719 758 1793 eccepto
776 1722 942 1778 mercasse
964 1721 1096 1792 sufficiet

94 1808 148 1866 tum
169 1827 206 1868 ex
228 1807 449 1884 subscriptione
472 1808 581 1867 codicis
604 1807 810 1883 Neapolitani:
838 1807 970 1880 Eeplied
992 1806 1096 1867 Maro·

94 1897 132 1955 cie
153 1897 271 1971 Virptte'i
287 1899 369 1956 recte
388 1897 567 1972 colligimus.
608 1897 765 1972 EpItomns
783 1894 862 1954 XIV.
882 1898 914 1954 et
931 1894 1023 1967 xm,
1049 1897 1096 1956 cui

94 1989 185 2046 auctor
207 1985 271 2061 ipse
295 1985 352 2044 hoc
373 2004 481 2044 nornen
504 1977 700 2064 inscripsit¹)‚
724 2003 760 2044 ex
778 1983 960 2044 auctoritate
983 1984 1047 2046 cod.
1066 1986 1095 2043 N

93 2090 150 2132 sum
171 2073 302 2149 epitome
329 2073 438 2132 ultima
460 2074 606 2133 coniunxi.
652 2071 745 2142 Quae
761 2074 840 2133 inter
868 2074 968 2150 capilo
996 2074 1098 2150 priora

93 2164 119 2220 et
134 2163 300 2237 posteriora
316 2162 480 2236 intersunt,
505 2182 572 2222 cum
595 2162 666 2221 libri
684 2180 744 2221 non
764 2163 838 2222 setis
861 2166 945 2222 certa
963 2163 1096 2232 tradant,

91 2267 123 2308 ex
141 2252 313 2311 coniectura
335 2252 463 2311 alterum
487 2250 608 2328 Virgilii
633 2269 707 2326 opus
725 2243 931 2332 Donatique²)
954 2252 1097 2327 principis

91 2340 349 2415 grammaticorum
377 2343 473 2399 artem
501 2339 638 2416 exempla
666 2342 787 2399 secutus
815 2340 949 2416 disposui
977 2340 1035 2416 its,
1062 2341 1098 2398 ut

90 2445 241 2488 numerum
263 2431 312 2488 ter
333 2428 493 2504 quinarum
517 2427 715 2504 epitomsrum
740 2428 929 2506 complerem.

170 2517 216 2576 De
246 2535 281 2576 re
311 2516 555 2593 orthographica,
588 2518 708 2592 qualem
731 2517 934 2589 instituerem,
968 2516 1097 2575 multum

87 2603 193 2680 diuque
207 2605 368 2681 haesitavi,
387 2625 455 2665 cum
469 2624 565 2682 neque
580 2605 695 2665 codices
710 2605 895 2682 Virgilianos
910 2606 983 2665 satis
999 2608 1096 2664 certos

154 2777 182 2844 1)
201 2775 235 2830 cf.
254 2793 284 2846 p.
303 2778 347 2841 81,
365 2779 399 2828 21
419 2773 474 2829 Sed
491 2791 525 2830 ree
543 2776 606 2844 que'e
624 2775 706 2830 etiam
724 2775 886 2830 munusculo
904 2789 932 2828 se
949 2773 1099 2840 susciperet

84 2846 293 2913 mammam,
316 2862 404 2900 omrem
421 2847 498 2901 vobis
521 2847 605 2901 buius
623 2847 665 2900 rei
678 2861 784 2914 ponem
806 2845 1003 2908 teets'mcreium,
1026 2842 1099 2910 qood

83 2934 153 2972 neue
170 2917 328 2972 clausulam
346 2917 427 2971 debit
444 2919 618 2985 epitomae.

150 2990 180 3056 2)
200 2986 307 3042 Donati
329 3003 376 3040 ars
398 2985 491 3041 minor
514 2987 584 3041 haec
602 2987 689 3042 habet
712 2986 820 3056 eapite:
849 2983 885 3037 de
908 2980 1036 3048 nomine,
1063 2981 1098 3036 de

82 3059 258 3128 pronomine,
282 3058 318 3113 de
336 3058 434 3127 verbo,
454 3057 490 3112 de
509 3057 658 3125 adverbio,
676 3058 712 3111 de
729 3054 894 3125 participio,
914 3053 949 3107 de
968 3052 1098 3108 coniunc-

80 3128 166 3196 tione,
186 3129 223 3183 de
241 3127 461 3198 praepositione,
480 3129 515 3184 de
534 3128 743 3185 interiectione:
762 3124 864 3194 quibus
883 3125 1055 3179 antecedunt
1069 3124 1098 3178 in

79 3203 140 3256 arte
157 3201 280 3256 maiore:
300 3199 335 3254 de
349 3215 431 3267 voce,
450 3199 486 3254 de
504 3199 639 3268 littera,
659 3199 695 3253 de
714 3197 862 3279 syllaba,
882 3196 918 3250 de
936 3194 1097 3265 pedibus,

78 3272 113 3328 de
130 3271 224 3340 tonis,
244 3269 281 3326 de
298 3270 446 3341 posituris,
471 3270 506 3326 de
524 3270 652 3340 partibus
666 3268 814 3335 orationis,
833 3267 986 3322 succedunt
1004 3268 1098 3320 sutem

77 3343 112 3399 de
125 3341 322 3410 barbarismo,
338 3341 374 3396 de
392 3340 571 3408 soloecismo,
585 3341 620 3395 de
634 3338 734 3396 ceteris
749 3337 840 3406 vitiis,
856 3338 891 3392 de
904 3336 1098 3406 metaplasmo,

75 3415 109 3470 de
128 3412 340 3481 schematibus,
359 3413 395 3467 de
413 3412 503 3482 tropis
522 3411 567 3482 (cf.
588 3411 658 3466 Keil.
678 3411 800 3466 Gramm.
815 3410 866 3465 lat.
885 3411 905 3465 t.
920 3408 977 3478 IV).
