<?xml version="1.0" encoding="UTF-8"?>
<!DOCTYPE html PUBLIC "-//W3C//DTD XHTML 1.0 Transitional//EN"
    "http://www.w3.org/TR/xhtml1/DTD/xhtml1-transitional.dtd">
<html xmlns="http://www.w3.org/1999/xhtml" xml:lang="en" lang="en">
 <head>
  <title>
</title>
<meta http-equiv="Content-Type" content="text/html;charset=utf-8" />
  <meta name='ocr-system' content='tesseract 3.04.00' />
  <meta name='ocr-capabilities' content='ocr_page ocr_carea ocr_par ocr_line ocrx_word'/>
</head>
<body>
  <div class='ocr_page' id='page_1' title='image "./grammaticiopera00virggoog_0396.png"; bbox 0 0 2354 3946; ppageno 0'>
   <div class='ocr_carea' id='block_1_1' title="bbox 449 188 1150 256">
    <p class='ocr_par' dir='ltr' id='par_1_1' title="bbox 449 188 1150 256">
     <span class='ocr_line' id='line_1_1' title="bbox 449 188 1150 256; baseline 0.001 -10"><span class='ocrx_word' id='word_1_1' title='bbox 449 192 496 248; x_wconf 84' lang='lat' dir='ltr'>lx.</span> <span class='ocrx_word' id='word_1_2' title='bbox 524 189 612 245; x_wconf 86' lang='lat' dir='ltr'><strong>VITA</strong></span> <span class='ocrx_word' id='word_1_3' title='bbox 636 189 662 245; x_wconf 85' lang='lat' dir='ltr'>S.</span> <span class='ocrx_word' id='word_1_4' title='bbox 681 188 833 246; x_wconf 83' lang='lat' dir='ltr'>GISLENI.</span> <span class='ocrx_word' id='word_1_5' title='bbox 1086 190 1150 256; x_wconf 85' lang='lat'>163</span> 
     </span>
    </p>
   </div>
   <div class='ocr_carea' id='block_1_2' title="bbox 65 353 1119 2301">
    <p class='ocr_par' dir='ltr' id='par_1_2' title="bbox 65 353 1027 615">
     <span class='ocr_line' id='line_1_2' title="bbox 65 353 958 439; baseline -0.001 -20"><span class='ocrx_word' id='word_1_6' title='bbox 65 370 118 420; x_wconf 85' lang='grc'>356</span> <span class='ocrx_word' id='word_1_7' title='bbox 136 353 317 439; x_wconf 78' lang='lat' dir='ltr'>Paupertas</span> <span class='ocrx_word' id='word_1_8' title='bbox 341 354 453 437; x_wconf 78' lang='lat' dir='ltr'><strong>cessit,</strong></span> <span class='ocrx_word' id='word_1_9' title='bbox 475 375 584 418; x_wconf 90' lang='lat' dir='ltr'>rerum</span> <span class='ocrx_word' id='word_1_10' title='bbox 607 374 693 418; x_wconf 88' lang='lat' dir='ltr'>nova</span> <span class='ocrx_word' id='word_1_11' title='bbox 716 353 810 437; x_wconf 84' lang='lat' dir='ltr'>copia</span> <span class='ocrx_word' id='word_1_12' title='bbox 833 354 958 418; x_wconf 87' lang='lat' dir='ltr'>crescit.</span> 
     </span>
     <span class='ocr_line' id='line_1_3' title="bbox 137 441 1027 527; baseline 0 -21"><span class='ocrx_word' id='word_1_13' title='bbox 137 443 222 507; x_wconf 85' lang='lat' dir='ltr'>Mira</span> <span class='ocrx_word' id='word_1_14' title='bbox 245 442 376 526; x_wconf 92' lang='lat' dir='ltr'>quidem</span> <span class='ocrx_word' id='word_1_15' title='bbox 399 441 506 508; x_wconf 84' lang='lat' dir='ltr'>refero</span> <span class='ocrx_word' id='word_1_16' title='bbox 531 442 734 527; x_wconf 85' lang='lat' dir='ltr'>stupefactus</span> <span class='ocrx_word' id='word_1_17' title='bbox 758 442 900 527; x_wconf 88' lang='lat' dir='ltr'>pondere</span> <span class='ocrx_word' id='word_1_18' title='bbox 924 446 1027 508; x_wconf 90' lang='lat' dir='ltr'>tanto.</span> 
     </span>
     <span class='ocr_line' id='line_1_4' title="bbox 136 530 901 615; baseline 0 -20"><span class='ocrx_word' id='word_1_19' title='bbox 136 530 198 596; x_wconf 88' lang='lat' dir='ltr'>Vir</span> <span class='ocrx_word' id='word_1_20' title='bbox 221 536 371 597; x_wconf 86' lang='lat' dir='ltr'>sanctum</span> <span class='ocrx_word' id='word_1_21' title='bbox 394 535 465 596; x_wconf 92' lang='lat' dir='ltr'>toto</span> <span class='ocrx_word' id='word_1_22' title='bbox 489 530 636 614; x_wconf 87' lang='lat' dir='ltr'>deposcit</span> <span class='ocrx_word' id='word_1_23' title='bbox 657 531 800 615; x_wconf 76' lang='lat' dir='ltr'>pectoris</span> <span class='ocrx_word' id='word_1_24' title='bbox 824 533 901 614; x_wconf 91' lang='lat' dir='ltr'>im0,</span> 
     </span>
    </p>

    <p class='ocr_par' dir='ltr' id='par_1_3' title="bbox 137 619 964 791">
     <span class='ocr_line' id='line_1_5' title="bbox 137 619 964 706; baseline 0 -22"><span class='ocrx_word' id='word_1_25' title='bbox 137 619 187 685; x_wconf 91' lang='lat' dir='ltr'>Ne</span> <span class='ocrx_word' id='word_1_26' title='bbox 210 620 324 706; x_wconf 85' lang='lat' dir='ltr'>pigeat</span> <span class='ocrx_word' id='word_1_27' title='bbox 347 619 488 704; x_wconf 89' lang='lat' dir='ltr'>propriis</span> <span class='ocrx_word' id='word_1_28' title='bbox 512 620 701 686; x_wconf 83' lang='lat' dir='ltr'>redeuntem</span> <span class='ocrx_word' id='word_1_29' title='bbox 724 619 836 684; x_wconf 87' lang='lat' dir='ltr'>cedere</span> <span class='ocrx_word' id='word_1_30' title='bbox 859 619 964 684; x_wconf 87' lang='lat' dir='ltr'>tectis.</span> 
     </span>
     <span class='ocr_line' id='line_1_6' title="bbox 137 707 898 791; baseline -0.001 -18"><span class='ocrx_word' id='word_1_31' title='bbox 137 709 208 773; x_wconf 87' lang='lat' dir='ltr'>iam</span> <span class='ocrx_word' id='word_1_32' title='bbox 232 710 300 773; x_wconf 89' lang='lat' dir='ltr'>soie</span> <span class='ocrx_word' id='word_1_33' title='bbox 323 707 441 791; x_wconf 87' lang='lat' dir='ltr'>infuso,</span> <span class='ocrx_word' id='word_1_34' title='bbox 463 709 530 773; x_wconf 83' lang='lat' dir='ltr'>iam</span> <span class='ocrx_word' id='word_1_35' title='bbox 553 709 649 773; x_wconf 88' lang='lat' dir='ltr'>rebus</span> <span class='ocrx_word' id='word_1_36' title='bbox 674 709 745 773; x_wconf 87' lang='lat' dir='ltr'>luce</span> <span class='ocrx_word' id='word_1_37' title='bbox 768 709 898 772; x_wconf 84' lang='lat' dir='ltr'>retectis</span> 
     </span>
    </p>

    <p class='ocr_par' dir='ltr' id='par_1_4' title="bbox 65 796 1048 1237">
     <span class='ocr_line' id='line_1_7' title="bbox 65 796 1048 882; baseline -0.001 -19"><span class='ocrx_word' id='word_1_38' title='bbox 65 815 118 863; x_wconf 95' lang='grc'>355</span> <span class='ocrx_word' id='word_1_39' title='bbox 137 796 272 861; x_wconf 87' lang='lat' dir='ltr'>Praesul</span> <span class='ocrx_word' id='word_1_40' title='bbox 296 797 378 861; x_wconf 90' lang='lat' dir='ltr'>inire</span> <span class='ocrx_word' id='word_1_41' title='bbox 402 798 489 862; x_wconf 86' lang='lat' dir='ltr'>viam</span> <span class='ocrx_word' id='word_1_42' title='bbox 512 819 578 862; x_wconf 90' lang='lat' dir='ltr'>non</span> <span class='ocrx_word' id='word_1_43' title='bbox 602 797 709 862; x_wconf 87' lang='lat' dir='ltr'>differt</span> <span class='ocrx_word' id='word_1_44' title='bbox 733 797 859 862; x_wconf 87' lang='lat' dir='ltr'>concite</span> <span class='ocrx_word' id='word_1_45' title='bbox 883 801 1048 882; x_wconf 87' lang='lat' dir='ltr'>coeptam;</span> 
     </span>
     <span class='ocr_line' id='line_1_8' title="bbox 137 885 981 970; baseline 0.001 -21"><span class='ocrx_word' id='word_1_46' title='bbox 137 885 307 951; x_wconf 84' lang='lat' dir='ltr'>Moenibus</span> <span class='ocrx_word' id='word_1_47' title='bbox 330 886 406 950; x_wconf 90' lang='lat' dir='ltr'>hinc</span> <span class='ocrx_word' id='word_1_48' title='bbox 430 885 520 950; x_wconf 89' lang='lat' dir='ltr'>urbis</span> <span class='ocrx_word' id='word_1_49' title='bbox 544 887 686 950; x_wconf 85' lang='lat' dir='ltr'>laetatur</span> <span class='ocrx_word' id='word_1_50' title='bbox 710 885 826 950; x_wconf 85' lang='lat' dir='ltr'>sistere</span> <span class='ocrx_word' id='word_1_51' title='bbox 849 886 981 970; x_wconf 89' lang='lat' dir='ltr'>plantis.</span> 
     </span>
     <span class='ocr_line' id='line_1_9' title="bbox 137 974 1015 1057; baseline 0 -19"><span class='ocrx_word' id='word_1_52' title='bbox 137 974 244 1040; x_wconf 83' lang='lat' dir='ltr'>intrat</span> <span class='ocrx_word' id='word_1_53' title='bbox 265 974 355 1039; x_wconf 86' lang='lat' dir='ltr'>fama</span> <span class='ocrx_word' id='word_1_54' title='bbox 379 974 493 1039; x_wconf 88' lang='lat' dir='ltr'>decens</span> <span class='ocrx_word' id='word_1_55' title='bbox 517 974 671 1038; x_wconf 84' lang='lat' dir='ltr'>Autberti</span> <span class='ocrx_word' id='word_1_56' title='bbox 695 974 839 1039; x_wconf 87' lang='lat' dir='ltr'>claustra</span> <span class='ocrx_word' id='word_1_57' title='bbox 861 974 1015 1057; x_wconf 85' lang='lat' dir='ltr'>revisens,</span> 
     </span>
     <span class='ocr_line' id='line_1_10' title="bbox 138 1061 1038 1148; baseline -0.001 -20"><span class='ocrx_word' id='word_1_58' title='bbox 138 1061 242 1138; x_wconf 82' lang='lat' dir='ltr'>Quam</span> <span class='ocrx_word' id='word_1_59' title='bbox 265 1085 322 1148; x_wconf 89' lang='lat' dir='ltr'>per</span> <span class='ocrx_word' id='word_1_60' title='bbox 347 1062 516 1127; x_wconf 87' lang='lat' dir='ltr'>Gislenum</span> <span class='ocrx_word' id='word_1_61' title='bbox 539 1085 599 1127; x_wconf 84' lang='lat' dir='ltr'>sua</span> <span class='ocrx_word' id='word_1_62' title='bbox 621 1062 736 1127; x_wconf 89' lang='lat' dir='ltr'>nuntia</span> <span class='ocrx_word' id='word_1_63' title='bbox 758 1065 859 1128; x_wconf 82' lang='lat' dir='ltr'>verba</span> <span class='ocrx_word' id='word_1_64' title='bbox 881 1062 1038 1127; x_wconf 86' lang='lat' dir='ltr'>ferentem</span> 
     </span>
     <span class='ocr_line' id='line_1_11' title="bbox 137 1151 1020 1237; baseline -0.001 -20"><span class='ocrx_word' id='word_1_65' title='bbox 137 1152 239 1217; x_wconf 86' lang='lat' dir='ltr'>Audit</span> <span class='ocrx_word' id='word_1_66' title='bbox 262 1154 367 1217; x_wconf 87' lang='lat' dir='ltr'>clerus</span> <span class='ocrx_word' id='word_1_67' title='bbox 392 1173 503 1234; x_wconf 87' lang='lat' dir='ltr'>ovans,</span> <span class='ocrx_word' id='word_1_68' title='bbox 526 1151 602 1215; x_wconf 85' lang='lat' dir='ltr'>diva</span> <span class='ocrx_word' id='word_1_69' title='bbox 625 1152 684 1215; x_wconf 89' lang='lat' dir='ltr'>sub</span> <span class='ocrx_word' id='word_1_70' title='bbox 708 1152 781 1237; x_wconf 83' lang='lat' dir='ltr'>lege</span> <span class='ocrx_word' id='word_1_71' title='bbox 804 1151 1020 1237; x_wconf 83' lang='lat' dir='ltr'>triumphans,</span> 
     </span>
    </p>

    <p class='ocr_par' dir='ltr' id='par_1_5' title="bbox 66 1239 994 1679">
     <span class='ocr_line' id='line_1_12' title="bbox 66 1239 909 1326; baseline -0.004 -18"><span class='ocrx_word' id='word_1_72' title='bbox 66 1258 118 1308; x_wconf 86' lang='grc'>366</span> <span class='ocrx_word' id='word_1_73' title='bbox 139 1239 255 1305; x_wconf 82' lang='lat' dir='ltr'>Sedem</span> <span class='ocrx_word' id='word_1_74' title='bbox 278 1241 389 1326; x_wconf 89' lang='lat' dir='ltr'>sicque</span> <span class='ocrx_word' id='word_1_75' title='bbox 411 1240 509 1325; x_wconf 86' lang='lat' dir='ltr'>petit,</span> <span class='ocrx_word' id='word_1_76' title='bbox 532 1240 658 1323; x_wconf 88' lang='lat' dir='ltr'>pastori</span> <span class='ocrx_word' id='word_1_77' title='bbox 681 1240 763 1305; x_wconf 83' lang='lat' dir='ltr'>talia</span> <span class='ocrx_word' id='word_1_78' title='bbox 785 1241 909 1324; x_wconf 85' lang='lat' dir='ltr'>pandit.</span> 
     </span>
     <span class='ocr_line' id='line_1_13' title="bbox 138 1328 933 1412; baseline -0.003 -18"><span class='ocrx_word' id='word_1_79' title='bbox 138 1329 264 1394; x_wconf 85' lang='lat' dir='ltr'>Adnuit</span> <span class='ocrx_word' id='word_1_80' title='bbox 286 1328 339 1393; x_wconf 91' lang='lat' dir='ltr'>his</span> <span class='ocrx_word' id='word_1_81' title='bbox 361 1328 446 1394; x_wconf 83' lang='lat' dir='ltr'>votis</span> <span class='ocrx_word' id='word_1_82' title='bbox 470 1328 601 1412; x_wconf 86' lang='lat' dir='ltr'>praesul</span> <span class='ocrx_word' id='word_1_83' title='bbox 625 1328 689 1392; x_wconf 89' lang='lat' dir='ltr'>sibi</span> <span class='ocrx_word' id='word_1_84' title='bbox 713 1328 933 1394; x_wconf 87' lang='lat' dir='ltr'>convenientis</span> 
     </span>
     <span class='ocr_line' id='line_1_14' title="bbox 138 1417 994 1502; baseline -0.001 -21"><span class='ocrx_word' id='word_1_85' title='bbox 138 1418 302 1483; x_wconf 85' lang='lat' dir='ltr'>Praesulis</span> <span class='ocrx_word' id='word_1_86' title='bbox 326 1423 425 1502; x_wconf 86' lang='lat' dir='ltr'>atque</span> <span class='ocrx_word' id='word_1_87' title='bbox 449 1417 552 1482; x_wconf 89' lang='lat' dir='ltr'>vicem</span> <span class='ocrx_word' id='word_1_88' title='bbox 575 1418 779 1499; x_wconf 82' lang='lat' dir='ltr'>suspirantes</span> <span class='ocrx_word' id='word_1_89' title='bbox 803 1418 837 1481; x_wconf 92' lang='lat' dir='ltr'>in</span> <span class='ocrx_word' id='word_1_90' title='bbox 860 1417 994 1482; x_wconf 90' lang='lat' dir='ltr'>eandem</span> 
     </span>
     <span class='ocr_line' id='line_1_15' title="bbox 139 1505 950 1590; baseline -0.001 -21"><span class='ocrx_word' id='word_1_91' title='bbox 139 1505 321 1572; x_wconf 80' lang='lat' dir='ltr'>Succedunt</span> <span class='ocrx_word' id='word_1_92' title='bbox 344 1506 462 1589; x_wconf 82' lang='lat' dir='ltr'>verbis,</span> <span class='ocrx_word' id='word_1_93' title='bbox 486 1506 650 1570; x_wconf 86' lang='lat' dir='ltr'>alternant</span> <span class='ocrx_word' id='word_1_94' title='bbox 674 1505 829 1590; x_wconf 82' lang='lat' dir='ltr'>dogmata</span> <span class='ocrx_word' id='word_1_95' title='bbox 851 1505 950 1589; x_wconf 87' lang='lat' dir='ltr'>pacis.</span> 
     </span>
     <span class='ocr_line' id='line_1_16' title="bbox 137 1591 941 1679; baseline -0.002 -21"><span class='ocrx_word' id='word_1_96' title='bbox 137 1595 247 1660; x_wconf 87' lang='lat' dir='ltr'>Prima</span> <span class='ocrx_word' id='word_1_97' title='bbox 271 1595 327 1660; x_wconf 90' lang='lat' dir='ltr'>sed</span> <span class='ocrx_word' id='word_1_98' title='bbox 349 1594 504 1659; x_wconf 71' lang='lat' dir='ltr'>riutberti</span> <span class='ocrx_word' id='word_1_99' title='bbox 526 1595 635 1679; x_wconf 89' lang='lat' dir='ltr'>patuit</span> <span class='ocrx_word' id='word_1_100' title='bbox 658 1591 826 1678; x_wconf 82' lang='lat' dir='ltr'>suggestio</span> <span class='ocrx_word' id='word_1_101' title='bbox 850 1593 941 1657; x_wconf 89' lang='lat' dir='ltr'>talis:</span> 
     </span>
    </p>

    <p class='ocr_par' dir='ltr' id='par_1_6' title="bbox 66 1681 1119 2124">
     <span class='ocr_line' id='line_1_17' title="bbox 66 1681 1119 1768; baseline -0.003 -18"><span class='ocrx_word' id='word_1_102' title='bbox 66 1701 119 1751; x_wconf 93' lang='grc'>365</span> <span class='ocrx_word' id='word_1_103' title='bbox 140 1683 332 1749; x_wconf 75' lang='lat' dir='ltr'>‘Stemmata</span> <span class='ocrx_word' id='word_1_104' title='bbox 356 1706 419 1768; x_wconf 89' lang='lat' dir='ltr'>quo</span> <span class='ocrx_word' id='word_1_105' title='bbox 444 1683 593 1766; x_wconf 86' lang='lat' dir='ltr'>traheris,</span> <span class='ocrx_word' id='word_1_106' title='bbox 617 1684 743 1766; x_wconf 88' lang='lat' dir='ltr'>patriae</span> <span class='ocrx_word' id='word_1_107' title='bbox 765 1681 817 1745; x_wconf 89' lang='lat' dir='ltr'>vel</span> <span class='ocrx_word' id='word_1_108' title='bbox 840 1682 930 1745; x_wconf 91' lang='lat' dir='ltr'>cuius</span> <span class='ocrx_word' id='word_1_109' title='bbox 954 1681 1119 1747; x_wconf 56' lang='lat' dir='ltr'>haberis?</span> 
     </span>
     <span class='ocr_line' id='line_1_18' title="bbox 139 1770 1044 1856; baseline -0.001 -20"><span class='ocrx_word' id='word_1_110' title='bbox 139 1772 233 1837; x_wconf 81' lang='lat' dir='ltr'>Talia</span> <span class='ocrx_word' id='word_1_111' title='bbox 256 1773 332 1837; x_wconf 92' lang='lat' dir='ltr'>dum</span> <span class='ocrx_word' id='word_1_112' title='bbox 356 1772 479 1855; x_wconf 82' lang='lat' dir='ltr'>sonuit,</span> <span class='ocrx_word' id='word_1_113' title='bbox 502 1772 583 1837; x_wconf 88' lang='lat' dir='ltr'>haec</span> <span class='ocrx_word' id='word_1_114' title='bbox 606 1770 737 1856; x_wconf 86' lang='lat' dir='ltr'>praesul</span> <span class='ocrx_word' id='word_1_115' title='bbox 760 1770 861 1834; x_wconf 88' lang='lat' dir='ltr'>verba</span> <span class='ocrx_word' id='word_1_116' title='bbox 884 1770 1044 1855; x_wconf 87' lang='lat' dir='ltr'>rependit:</span> 
     </span>
     <span class='ocr_line' id='line_1_19' title="bbox 140 1859 982 1945; baseline -0.002 -21"><span class='ocrx_word' id='word_1_117' title='bbox 140 1860 290 1926; x_wconf 76' lang='lat' dir='ltr'>‘Graecia</span> <span class='ocrx_word' id='word_1_118' title='bbox 314 1882 364 1924; x_wconf 89' lang='lat' dir='ltr'>me</span> <span class='ocrx_word' id='word_1_119' title='bbox 388 1862 502 1945; x_wconf 84' lang='lat' dir='ltr'>genuit</span> <span class='ocrx_word' id='word_1_120' title='bbox 524 1859 693 1924; x_wconf 84' lang='lat' dir='ltr'>Gislenum</span> <span class='ocrx_word' id='word_1_121' title='bbox 716 1879 817 1923; x_wconf 89' lang='lat' dir='ltr'>necne</span> <span class='ocrx_word' id='word_1_122' title='bbox 840 1859 982 1943; x_wconf 78' lang='lat' dir='ltr'>notavit3</span> 
     </span>
     <span class='ocr_line' id='line_1_20' title="bbox 140 1946 1028 2034; baseline -0.005 -20"><span class='ocrx_word' id='word_1_123' title='bbox 140 1946 326 2014; x_wconf 80' lang='lat' dir='ltr'>Chrismatc</span> <span class='ocrx_word' id='word_1_124' title='bbox 349 1949 499 2034; x_wconf 88' lang='lat' dir='ltr'>perfusus</span> <span class='ocrx_word' id='word_1_125' title='bbox 523 1947 648 2014; x_wconf 77' lang='lat' dir='ltr'>Christi</span> <span class='ocrx_word' id='word_1_126' title='bbox 672 1971 742 2012; x_wconf 93' lang='lat' dir='ltr'>sum</span> <span class='ocrx_word' id='word_1_127' title='bbox 767 1969 898 2011; x_wconf 88' lang='lat' dir='ltr'>munera</span> <span class='ocrx_word' id='word_1_128' title='bbox 922 1953 1028 2032; x_wconf 80' lang='lat' dir='ltr'>tutus3</span> 
     </span>
     <span class='ocr_line' id='line_1_21' title="bbox 139 2035 961 2124; baseline -0.001 -23"><span class='ocrx_word' id='word_1_129' title='bbox 139 2037 273 2124; x_wconf 81' lang='lat' dir='ltr'>Fungar</span> <span class='ocrx_word' id='word_1_130' title='bbox 296 2038 461 2122; x_wconf 90' lang='lat' dir='ltr'>episcopio</span> <span class='ocrx_word' id='word_1_131' title='bbox 485 2059 536 2102; x_wconf 93' lang='lat' dir='ltr'>me</span> <span class='ocrx_word' id='word_1_132' title='bbox 559 2036 659 2101; x_wconf 88' lang='lat' dir='ltr'>vestit</span> <span class='ocrx_word' id='word_1_133' title='bbox 684 2041 716 2100; x_wconf 90' lang='lat' dir='ltr'>et</span> <span class='ocrx_word' id='word_1_134' title='bbox 739 2035 844 2100; x_wconf 87' lang='lat' dir='ltr'>infula</span> <span class='ocrx_word' id='word_1_135' title='bbox 868 2037 961 2101; x_wconf 89' lang='lat' dir='ltr'>collo.</span> 
     </span>
    </p>

    <p class='ocr_par' dir='ltr' id='par_1_7' title="bbox 67 2124 1022 2301">
     <span class='ocr_line' id='line_1_22' title="bbox 67 2124 942 2212; baseline -0.006 -20"><span class='ocrx_word' id='word_1_136' title='bbox 67 2144 120 2192; x_wconf 83' lang='grc'>376</span> <span class='ocrx_word' id='word_1_137' title='bbox 140 2125 227 2190; x_wconf 91' lang='lat' dir='ltr'>Olim</span> <span class='ocrx_word' id='word_1_138' title='bbox 251 2126 307 2191; x_wconf 89' lang='lat' dir='ltr'>scd</span> <span class='ocrx_word' id='word_1_139' title='bbox 329 2126 454 2212; x_wconf 83' lang='lat' dir='ltr'>placuit</span> <span class='ocrx_word' id='word_1_140' title='bbox 477 2127 580 2190; x_wconf 88' lang='lat' dir='ltr'>calces</span> <span class='ocrx_word' id='word_1_141' title='bbox 603 2124 656 2189; x_wconf 90' lang='lat' dir='ltr'>his</span> <span class='ocrx_word' id='word_1_142' title='bbox 679 2125 813 2210; x_wconf 84' lang='lat' dir='ltr'>iungere</span> <span class='ocrx_word' id='word_1_143' title='bbox 836 2124 942 2207; x_wconf 87' lang='lat' dir='ltr'>metis,</span> 
     </span>
     <span class='ocr_line' id='line_1_23' title="bbox 139 2213 1022 2301; baseline -0.002 -23"><span class='ocrx_word' id='word_1_144' title='bbox 139 2214 284 2280; x_wconf 87' lang='lat' dir='ltr'>Gemmis</span> <span class='ocrx_word' id='word_1_145' title='bbox 307 2219 345 2279; x_wconf 92' lang='lat' dir='ltr'>ut</span> <span class='ocrx_word' id='word_1_146' title='bbox 369 2215 509 2301; x_wconf 82' lang='lat' dir='ltr'>geminis</span> <span class='ocrx_word' id='word_1_147' title='bbox 533 2213 713 2280; x_wconf 89' lang='lat' dir='ltr'>conferrem</span> <span class='ocrx_word' id='word_1_148' title='bbox 736 2213 856 2299; x_wconf 85' lang='lat' dir='ltr'>pignus</span> <span class='ocrx_word' id='word_1_149' title='bbox 879 2213 1022 2296; x_wconf 87' lang='lat' dir='ltr'>honoris,</span> 
     </span>
    </p>
   </div>
   <div class='ocr_carea' id='block_1_3' title="bbox 66 2301 1111 2811">
    <p class='ocr_par' dir='ltr' id='par_1_8' title="bbox 66 2301 1111 2811">
     <span class='ocr_line' id='line_1_24' title="bbox 138 2301 1111 2390; baseline 0 -24"><span class='ocrx_word' id='word_1_150' title='bbox 138 2302 309 2387; x_wconf 84' lang='lat' dir='ltr'>Templum</span> <span class='ocrx_word' id='word_1_151' title='bbox 333 2303 557 2390; x_wconf 81' lang='lat' dir='ltr'>magnificum,</span> <span class='ocrx_word' id='word_1_152' title='bbox 579 2302 724 2388; x_wconf 86' lang='lat' dir='ltr'>fraglent</span> <span class='ocrx_word' id='word_1_153' title='bbox 746 2324 810 2387; x_wconf 93' lang='lat' dir='ltr'>quo</span> <span class='ocrx_word' id='word_1_154' title='bbox 834 2302 945 2366; x_wconf 90' lang='lat' dir='ltr'>munia</span> <span class='ocrx_word' id='word_1_155' title='bbox 968 2301 1111 2367; x_wconf 89' lang='lat' dir='ltr'>laudum.</span> 
     </span>
     <span class='ocr_line' id='line_1_25' title="bbox 138 2390 1077 2476; baseline -0.002 -20"><span class='ocrx_word' id='word_1_156' title='bbox 138 2391 231 2456; x_wconf 90' lang='lat' dir='ltr'>Unde</span> <span class='ocrx_word' id='word_1_157' title='bbox 253 2391 326 2457; x_wconf 90' lang='lat' dir='ltr'>loco</span> <span class='ocrx_word' id='word_1_158' title='bbox 350 2396 463 2456; x_wconf 87' lang='lat' dir='ltr'>votum</span> <span class='ocrx_word' id='word_1_159' title='bbox 486 2392 662 2457; x_wconf 89' lang='lat' dir='ltr'>nunciam</span> <span class='ocrx_word' id='word_1_160' title='bbox 686 2390 873 2475; x_wconf 80' lang='lat' dir='ltr'>constringo</span> <span class='ocrx_word' id='word_1_161' title='bbox 897 2394 1077 2476; x_wconf 83' lang='lat' dir='ltr'>meaptum‚</span> 
     </span>
     <span class='ocr_line' id='line_1_26' title="bbox 139 2479 1082 2566; baseline 0 -23"><span class='ocrx_word' id='word_1_162' title='bbox 139 2479 305 2545; x_wconf 83' lang='lat' dir='ltr'>Hactenus</span> <span class='ocrx_word' id='word_1_163' title='bbox 329 2479 540 2566; x_wconf 82' lang='lat' dir='ltr'>Ursdongum</span> <span class='ocrx_word' id='word_1_164' title='bbox 564 2502 660 2563; x_wconf 84' lang='lat' dir='ltr'>quem</span> <span class='ocrx_word' id='word_1_165' title='bbox 684 2480 822 2543; x_wconf 85' lang='lat' dir='ltr'>finxerat</span> <span class='ocrx_word' id='word_1_166' title='bbox 846 2479 925 2545; x_wconf 92' lang='lat' dir='ltr'>ordo</span> <span class='ocrx_word' id='word_1_167' title='bbox 949 2479 1082 2543; x_wconf 89' lang='lat' dir='ltr'>dierum.</span> 
     </span>
     <span class='ocr_line' id='line_1_27' title="bbox 66 2567 990 2648; baseline -0.005 -13"><span class='ocrx_word' id='word_1_168' title='bbox 66 2584 119 2635; x_wconf 88' lang='grc'>375</span> <span class='ocrx_word' id='word_1_169' title='bbox 139 2567 201 2633; x_wconf 93' lang='lat' dir='ltr'>Hic</span> <span class='ocrx_word' id='word_1_170' title='bbox 224 2569 279 2633; x_wconf 92' lang='lat' dir='ltr'>sed</span> <span class='ocrx_word' id='word_1_171' title='bbox 303 2573 340 2633; x_wconf 90' lang='lat' dir='ltr'>ut</span> <span class='ocrx_word' id='word_1_172' title='bbox 364 2568 510 2633; x_wconf 86' lang='lat' dir='ltr'>adfectus</span> <span class='ocrx_word' id='word_1_173' title='bbox 534 2569 643 2632; x_wconf 88' lang='lat' dir='ltr'>meriti</span> <span class='ocrx_word' id='word_1_174' title='bbox 665 2568 822 2631; x_wconf 83' lang='lat' dir='ltr'>transiret</span> <span class='ocrx_word' id='word_1_175' title='bbox 845 2568 880 2630; x_wconf 91' lang='lat' dir='ltr'>in</span> <span class='ocrx_word' id='word_1_176' title='bbox 903 2588 990 2648; x_wconf 82' lang='lat' dir='ltr'>usus,</span> 
     </span>
     <span class='ocr_line' id='line_1_28' title="bbox 140 2654 1025 2743; baseline -0.005 -22"><span class='ocrx_word' id='word_1_177' title='bbox 140 2657 261 2722; x_wconf 86' lang='lat' dir='ltr'>Memet</span> <span class='ocrx_word' id='word_1_178' title='bbox 284 2658 466 2743; x_wconf 84' lang='lat' dir='ltr'>praevenit,</span> <span class='ocrx_word' id='word_1_179' title='bbox 489 2655 607 2721; x_wconf 89' lang='lat' dir='ltr'>tuimet</span> <span class='ocrx_word' id='word_1_180' title='bbox 631 2654 716 2740; x_wconf 92' lang='lat' dir='ltr'>quod</span> <span class='ocrx_word' id='word_1_181' title='bbox 740 2659 848 2719; x_wconf 90' lang='lat' dir='ltr'>mente</span> <span class='ocrx_word' id='word_1_182' title='bbox 872 2654 1025 2719; x_wconf 66' lang='lat' dir='ltr'>calescit?</span> 
     </span>
     <span class='ocr_line' id='line_1_29' title="bbox 138 2743 1007 2811; baseline -0.003 -2"><span class='ocrx_word' id='word_1_183' title='bbox 138 2745 223 2811; x_wconf 90' lang='lat' dir='ltr'>Hinc</span> <span class='ocrx_word' id='word_1_184' title='bbox 247 2768 337 2811; x_wconf 85' lang='lat' dir='ltr'>sacer</span> <span class='ocrx_word' id='word_1_185' title='bbox 359 2744 542 2811; x_wconf 81' lang='lat' dir='ltr'>Autbertus</span> <span class='ocrx_word' id='word_1_186' title='bbox 565 2744 696 2809; x_wconf 87' lang='lat' dir='ltr'>virtutis</span> <span class='ocrx_word' id='word_1_187' title='bbox 720 2743 843 2807; x_wconf 91' lang='lat' dir='ltr'>honore</span> <span class='ocrx_word' id='word_1_188' title='bbox 867 2743 1007 2808; x_wconf 83' lang='lat' dir='ltr'>refertus</span> 
     </span>
    </p>
   </div>
   <div class='ocr_carea' id='block_1_4' title="bbox 136 2915 1150 3628">
    <p class='ocr_par' dir='ltr' id='par_1_9' title="bbox 136 2915 1150 3628">
     <span class='ocr_line' id='line_1_30' title="bbox 208 2915 1149 2989; baseline -0.005 -15"><span class='ocrx_word' id='word_1_189' title='bbox 208 2926 260 2975; x_wconf 97' lang='grc'>353</span> <span class='ocrx_word' id='word_1_190' title='bbox 281 2920 448 2976; x_wconf 78' lang='lat' dir='ltr'>‘rodentem&#39;</span> <span class='ocrx_word' id='word_1_191' title='bbox 474 2938 492 2973; x_wconf 89' lang='lat' dir='ltr'>u</span> <span class='ocrx_word' id='word_1_192' title='bbox 520 2935 654 2989; x_wconf 87' lang='lat' dir='ltr'>superscr.</span> <span class='ocrx_word' id='word_1_193' title='bbox 676 2917 815 2973; x_wconf 83' lang='lat' dir='ltr'>‘caedere’</span> <span class='ocrx_word' id='word_1_194' title='bbox 837 2933 852 2970; x_wconf 88' lang='lat' dir='ltr'>o</span> <span class='ocrx_word' id='word_1_195' title='bbox 875 2932 909 2970; x_wconf 84' lang='lat' dir='ltr'>ex</span> <span class='ocrx_word' id='word_1_196' title='bbox 931 2933 945 2968; x_wconf 92' lang='lat' dir='ltr'>r</span> <span class='ocrx_word' id='word_1_197' title='bbox 969 2915 1149 2969; x_wconf 84' lang='lat' dir='ltr'>emendatum</span> 
     </span>
     <span class='ocr_line' id='line_1_31' title="bbox 136 2984 1146 3060; baseline -0.003 -18"><span class='ocrx_word' id='word_1_198' title='bbox 136 2990 248 3046; x_wconf 88' lang='lat' dir='ltr'>videtur</span> <span class='ocrx_word' id='word_1_199' title='bbox 299 2995 351 3046; x_wconf 85' lang='grc'>355</span> <span class='ocrx_word' id='word_1_200' title='bbox 368 2990 520 3060; x_wconf 83' lang='lat' dir='ltr'>‘caeptam’</span> <span class='ocrx_word' id='word_1_201' title='bbox 568 2996 621 3044; x_wconf 87' lang='grc'>356</span> <span class='ocrx_word' id='word_1_202' title='bbox 637 2988 805 3044; x_wconf 76' lang='lat' dir='ltr'>‘Moenibus’</span> <span class='ocrx_word' id='word_1_203' title='bbox 852 2992 904 3041; x_wconf 90' lang='grc'>358</span> <span class='ocrx_word' id='word_1_204' title='bbox 922 2984 1146 3041; x_wconf 82' lang='lat' dir='ltr'>‘GYSLENUM’</span> 
     </span>
     <span class='ocr_line' id='line_1_32' title="bbox 136 3057 1149 3131; baseline -0.004 -16"><span class='ocrx_word' id='word_1_205' title='bbox 136 3066 187 3115; x_wconf 88' lang='grc'>351</span> <span class='ocrx_word' id='word_1_206' title='bbox 206 3061 333 3117; x_wconf 78' lang='lat' dir='ltr'>‘Annuit’</span> <span class='ocrx_word' id='word_1_207' title='bbox 361 3061 508 3131; x_wconf 84' lang='lat' dir='ltr'>‘praesuli’</span> <span class='ocrx_word' id='word_1_208' title='bbox 528 3061 539 3114; x_wconf 91' lang='lat' dir='ltr'>i</span> <span class='ocrx_word' id='word_1_209' title='bbox 562 3077 672 3117; x_wconf 86' lang='lat' dir='ltr'>erasum</span> <span class='ocrx_word' id='word_1_210' title='bbox 745 3065 796 3113; x_wconf 87' lang='grc'>353</span> <span class='ocrx_word' id='word_1_211' title='bbox 818 3057 975 3128; x_wconf 83' lang='lat' dir='ltr'>‘dogmata’</span> <span class='ocrx_word' id='word_1_212' title='bbox 997 3058 1149 3112; x_wconf 84' lang='lat' dir='ltr'>secundum</span> 
     </span>
     <span class='ocr_line' id='line_1_33' title="bbox 136 3127 1149 3202; baseline -0.005 -16"><span class='ocrx_word' id='word_1_213' title='bbox 136 3150 154 3186; x_wconf 93' lang='grc'>3</span> <span class='ocrx_word' id='word_1_214' title='bbox 172 3150 206 3187; x_wconf 86' lang='lat' dir='ltr'>ex</span> <span class='ocrx_word' id='word_1_215' title='bbox 225 3150 240 3188; x_wconf 88' lang='lat' dir='ltr'>c</span> <span class='ocrx_word' id='word_1_216' title='bbox 259 3134 437 3188; x_wconf 87' lang='lat' dir='ltr'>emendatum</span> <span class='ocrx_word' id='word_1_217' title='bbox 459 3131 559 3202; x_wconf 84' lang='lat' dir='ltr'>‘pacis’</span> <span class='ocrx_word' id='word_1_218' title='bbox 580 3133 609 3185; x_wconf 89' lang='lat' dir='ltr'>in</span> <span class='ocrx_word' id='word_1_219' title='bbox 628 3147 725 3185; x_wconf 89' lang='lat' dir='ltr'>rasura</span> <span class='ocrx_word' id='word_1_220' title='bbox 743 3130 860 3198; x_wconf 83' lang='lat' dir='ltr'>excepto</span> <span class='ocrx_word' id='word_1_221' title='bbox 879 3147 897 3198; x_wconf 91' lang='lat' dir='ltr'>p</span> <span class='ocrx_word' id='word_1_222' title='bbox 957 3132 1008 3183; x_wconf 85' lang='grc'>365</span> <span class='ocrx_word' id='word_1_223' title='bbox 1029 3127 1149 3182; x_wconf 84' lang='lat' dir='ltr'>‘Staem-</span> 
     </span>
     <span class='ocr_line' id='line_1_34' title="bbox 136 3197 1146 3274; baseline -0.004 -16"><span class='ocrx_word' id='word_1_224' title='bbox 136 3204 224 3258; x_wconf 84' lang='lat' dir='ltr'>mate&#39;</span> <span class='ocrx_word' id='word_1_225' title='bbox 268 3209 321 3259; x_wconf 87' lang='grc'>355</span> <span class='ocrx_word' id='word_1_226' title='bbox 336 3203 453 3274; x_wconf 84' lang='lat' dir='ltr'>‘presul&#39;</span> <span class='ocrx_word' id='word_1_227' title='bbox 497 3209 548 3258; x_wconf 90' lang='grc'>357</span> <span class='ocrx_word' id='word_1_228' title='bbox 563 3201 681 3256; x_wconf 77' lang='lat' dir='ltr'>‘Gretia’</span> <span class='ocrx_word' id='word_1_229' title='bbox 700 3199 874 3270; x_wconf 78' lang='lat' dir='ltr'>‘Gyslenum&#39;</span> <span class='ocrx_word' id='word_1_230' title='bbox 918 3204 970 3253; x_wconf 86' lang='grc'>368</span> <span class='ocrx_word' id='word_1_231' title='bbox 987 3197 1146 3254; x_wconf 73' lang='lat' dir='ltr'>‘crismate&#39;</span> 
     </span>
     <span class='ocr_line' id='line_1_35' title="bbox 138 3270 1149 3343; baseline -0.005 -14"><span class='ocrx_word' id='word_1_232' title='bbox 138 3275 300 3330; x_wconf 81' lang='lat' dir='ltr'>‘summere’</span> <span class='ocrx_word' id='word_1_233' title='bbox 316 3293 354 3329; x_wconf 90' lang='lat' dir='ltr'>un</span> <span class='ocrx_word' id='word_1_234' title='bbox 373 3290 509 3343; x_wconf 87' lang='lat' dir='ltr'>superscr.</span> <span class='ocrx_word' id='word_1_235' title='bbox 566 3279 617 3328; x_wconf 85' lang='grc'>333</span> <span class='ocrx_word' id='word_1_236' title='bbox 634 3272 769 3340; x_wconf 80' lang='lat' dir='ltr'>‘Fungar’</span> <span class='ocrx_word' id='word_1_237' title='bbox 785 3270 863 3340; x_wconf 89' lang='lat' dir='ltr'>prius</span> <span class='ocrx_word' id='word_1_238' title='bbox 882 3286 898 3326; x_wconf 91' lang='grc' dir='ltr'>ο</span> <span class='ocrx_word' id='word_1_239' title='bbox 918 3273 947 3324; x_wconf 89' lang='lat' dir='ltr'>in</span> <span class='ocrx_word' id='word_1_240' title='bbox 962 3287 979 3322; x_wconf 91' lang='lat' dir='ltr'>v</span> <span class='ocrx_word' id='word_1_241' title='bbox 993 3273 1149 3325; x_wconf 89' lang='lat' dir='ltr'>correctum</span> 
     </span>
     <span class='ocr_line' id='line_1_36' title="bbox 136 3340 1150 3411; baseline -0.006 -11"><span class='ocrx_word' id='word_1_242' title='bbox 136 3351 189 3400; x_wconf 89' lang='grc'>370</span> <span class='ocrx_word' id='word_1_243' title='bbox 210 3345 333 3400; x_wconf 78' lang='lat' dir='ltr'>‘mactis’</span> <span class='ocrx_word' id='word_1_244' title='bbox 396 3351 447 3400; x_wconf 93' lang='grc'>371</span> <span class='ocrx_word' id='word_1_245' title='bbox 468 3342 616 3400; x_wconf 82' lang='lat' dir='ltr'>‘Gemmis’</span> <span class='ocrx_word' id='word_1_246' title='bbox 638 3358 773 3410; x_wconf 87' lang='lat' dir='ltr'>superscr.</span> <span class='ocrx_word' id='word_1_247' title='bbox 794 3341 886 3411; x_wconf 81' lang='lat' dir='ltr'>‘petro</span> <span class='ocrx_word' id='word_1_248' title='bbox 910 3341 940 3395; x_wconf 88' lang='lat' dir='ltr'>et</span> <span class='ocrx_word' id='word_1_249' title='bbox 961 3340 1059 3410; x_wconf 84' lang='lat' dir='ltr'>paulo’</span> <span class='ocrx_word' id='word_1_250' title='bbox 1084 3343 1150 3410; x_wconf 88' lang='lat' dir='ltr'>post</span> 
     </span>
     <span class='ocr_line' id='line_1_37' title="bbox 139 3411 1147 3486; baseline -0.006 -15"><span class='ocrx_word' id='word_1_251' title='bbox 139 3416 282 3486; x_wconf 79' lang='lat' dir='ltr'>‘geminis&#39;</span> <span class='ocrx_word' id='word_1_252' title='bbox 304 3417 333 3471; x_wconf 86' lang='lat' dir='ltr'>et</span> <span class='ocrx_word' id='word_1_253' title='bbox 350 3416 493 3485; x_wconf 81' lang='lat' dir='ltr'>particula</span> <span class='ocrx_word' id='word_1_254' title='bbox 510 3431 592 3470; x_wconf 86' lang='lat' dir='ltr'>crasa</span> <span class='ocrx_word' id='word_1_255' title='bbox 646 3419 697 3468; x_wconf 77' lang='grc'>372</span> <span class='ocrx_word' id='word_1_256' title='bbox 717 3413 746 3467; x_wconf 90' lang='lat' dir='ltr'>in</span> <span class='ocrx_word' id='word_1_257' title='bbox 765 3429 852 3482; x_wconf 86' lang='lat' dir='ltr'>marg.</span> <span class='ocrx_word' id='word_1_258' title='bbox 868 3412 1021 3480; x_wconf 89' lang='lat' dir='ltr'>ascriptum</span> <span class='ocrx_word' id='word_1_259' title='bbox 1037 3411 1147 3466; x_wconf 71' lang='lat' dir='ltr'>‘ilsene-</span> 
     </span>
     <span class='ocr_line' id='line_1_38' title="bbox 136 3482 1149 3557; baseline -0.005 -14"><span class='ocrx_word' id='word_1_260' title='bbox 136 3487 223 3557; x_wconf 82' lang='lat' dir='ltr'>gesis’</span> <span class='ocrx_word' id='word_1_261' title='bbox 246 3487 383 3541; x_wconf 70' lang='lat' dir='ltr'>‘laudum&#39;</span> <span class='ocrx_word' id='word_1_262' title='bbox 404 3504 438 3542; x_wconf 85' lang='lat' dir='ltr'>ex</span> <span class='ocrx_word' id='word_1_263' title='bbox 458 3486 572 3541; x_wconf 76' lang='lat' dir='ltr'>‘laudis&#39;</span> <span class='ocrx_word' id='word_1_264' title='bbox 594 3486 750 3539; x_wconf 87' lang='lat' dir='ltr'>correctum</span> <span class='ocrx_word' id='word_1_265' title='bbox 810 3483 910 3538; x_wconf 74' lang='grc'>37413</span> <span class='ocrx_word' id='word_1_266' title='bbox 927 3482 1055 3552; x_wconf 79' lang='lat' dir='ltr'>margine</span> <span class='ocrx_word' id='word_1_267' title='bbox 1076 3482 1149 3538; x_wconf 80' lang='lat' dir='ltr'>‘Sin-</span> 
     </span>
     <span class='ocr_line' id='line_1_39' title="bbox 137 3553 880 3628; baseline -0.005 -16"><span class='ocrx_word' id='word_1_268' title='bbox 137 3558 218 3627; x_wconf 84' lang='lat' dir='ltr'>copa’</span> <span class='ocrx_word' id='word_1_269' title='bbox 241 3557 422 3628; x_wconf 78' lang='lat' dir='ltr'>‘usdongum’</span> <span class='ocrx_word' id='word_1_270' title='bbox 444 3573 611 3626; x_wconf 86' lang='lat' dir='ltr'>rsuperscr.</span> <span class='ocrx_word' id='word_1_271' title='bbox 668 3561 720 3610; x_wconf 85' lang='grc'>375</span> <span class='ocrx_word' id='word_1_272' title='bbox 742 3553 880 3609; x_wconf 78' lang='lat' dir='ltr'>‘affectus’</span> 
     </span>
    </p>
   </div>
   <div class='ocr_carea' id='block_1_5' title="bbox 936 3642 989 3698">
    <p class='ocr_par' dir='ltr' id='par_1_10' title="bbox 936 3642 989 3698">
     <span class='ocr_line' id='line_1_40' title="bbox 936 3642 989 3698; baseline -0.038 0"><span class='ocrx_word' id='word_1_273' title='bbox 936 3642 989 3698; x_wconf 73' lang='lat' dir='ltr'>U*</span> 
     </span>
    </p>
   </div>
   <div class='ocr_carea' id='block_1_6' title="bbox 0 0 1182 3946">
    <p class='ocr_par' dir='ltr' id='par_1_11' title="bbox 0 0 1182 3946">
     <span class='ocr_line' id='line_1_41' title="bbox 0 0 1182 3946; baseline 0 0"><span class='ocrx_word' id='word_1_274' title='bbox 0 0 1182 3946; x_wconf 95' lang='lat' dir='ltr'> </span> 
     </span>
    </p>
   </div>
  </div>
 </body>
</html>
