2354 3946
116 120 176 185 158
342 115 497 171 VIRGILII
515 115 680 170 Maeonis
697 114 908 172 EPISTOLAE.

113 271 204 335 rebat
236 269 373 334 addente
401 268 462 333 hoc
489 269 590 352 quod,
623 269 700 353 quia
727 269 806 333 haec
833 268 969 341 nomina
996 269 1140 334 declina·

113 357 235 419 tionem
258 375 326 418 non
349 354 484 437 habent,
506 353 577 418 ideo
600 353 641 417 ab
663 352 773 418 insciis
796 353 949 417 aduerbia
963 357 1135 438 putantum

114 441 198 504 sicut
219 443 252 504 et
272 460 411 522 nequam
433 442 465 502 et
486 457 590 520 nuque
604 459 623 501 a
638 437 885 521 quamplurimis
901 438 1069 522 qualitatis
1085 440 1137 504 ad-

114 525 227 590 uerbia
247 526 380 608 propter
402 523 562 587 defectum
585 522 810 586 declinationis
826 522 1051 588 aestimantur.
1086 525 1141 590 sed

88 617 168 675 abac
206 609 313 692 inquit
351 606 509 672 Romanis
546 627 611 672 nan
638 607 789 690 placebit,
824 609 903 685 quia
928 607 1008 690 ptus
1041 609 1139 674 sotem

115 695 291 760 obstinatae
313 693 529 758 consuetudini
550 711 647 772 quam
669 696 770 757 certae
790 693 913 757 rationi
934 695 1116 758 consentire.

202 777 285 843 Sunt
307 777 405 842 etiam
428 777 596 858 aduerbia,
618 797 699 859 quae
722 797 761 840 ex
776 796 840 860 quo
854 779 1051 858 nascantur,
1074 799 1137 843 am·

116 863 249 946 biguum
272 865 335 939 est,
365 863 401 925 ut
418 862 561 943 frustra,
589 861 799 942 nequiquam,
826 861 979 942 nequiter.
1013 862 1138 943 frustm

116 947 202 1012 enim
235 951 341 1011 utrum
375 966 413 1008 ex
442 945 594 1029 originali
620 946 768 1026 nomine,
804 966 846 1008 an
876 965 915 1008 ex
942 945 1136 1029 imperatiuo

77 1059 101 1097 10
114 1031 210 1096 modo
233 1031 323 1094 uerbi
342 1030 520 1094 communis
535 1029 661 1109 ueniat,
684 1029 788 1093 adhuc
803 1029 838 1093 in
853 1029 1012 1094 electione
1027 1031 1138 1114 pendit

115 1117 280 1179 lectorum.
316 1114 511 1196 nequiquam
538 1116 646 1177 autem
674 1117 706 1178 et
727 1115 883 1195 nequiter,
914 1113 960 1177 sie
982 1116 1078 1180 ambo
1099 1136 1136 1179 ex

113 1219 251 1281 nequam
273 1198 422 1280 ueniunt,
452 1200 536 1262 sieut
560 1197 669 1261 multis
693 1197 881 1262 Latinorum
903 1198 1050 1283 uidetu13
1077 1200 1136 1263 hoc

114 1286 242 1347 tantum
257 1283 364 1346 mouet
377 1282 532 1365 plurimos
546 1285 657 1346 utrum
671 1282 823 1347 aduerbia
837 1283 872 1345 in
887 1286 950 1364 ter,
973 1283 1039 1347 nisi
1054 1283 1137 1348 abla-

114 1370 182 1432 tiuo
198 1388 273 1432 casu
288 1367 439 1432 adiectiui
453 1366 592 1431 nominis
607 1366 643 1430 in
657 1388 674 1432 e
690 1366 817 1431 literam
828 1367 1014 1449 terminato,
1026 1368 1136 1433 nanim

76 1476 101 1516 15
114 1452 256 1537 possint3
280 1453 364 1536 quod
378 1453 454 1535 quia
469 1456 591 1516 certum
606 1472 672 1516 non
687 1451 821 1533 habent,
844 1452 987 1533 nequiter
1002 1453 1136 1517 omnino

114 1537 268 1602 refutant.
303 1537 365 1602 Sed
381 1536 474 1601 nobis
489 1536 575 1600 aliud
590 1535 717 1600 uidetur
732 1557 801 1600 esse
814 1537 1026 1619 nequiquam,
1051 1536 1137 1601 aliud

114 1624 272 1704 nequiter:
300 1623 494 1705 nequiquam
522 1621 608 1685 enim
637 1643 695 1706 pro
723 1620 793 1684 sins
821 1640 919 1685 causa
941 1621 994 1685 uel
1016 1620 1138 1687 frustra

115 1707 329 1793 intellegitur,
345 1709 487 1789 nequiter
501 1727 579 1770 uero
595 1706 636 1769 ad
650 1705 741 1790 peius
756 1704 895 1788 proficit.
926 1705 1024 1769 multi
1039 1705 1136 1771 etiam

116 1795 279 1876 quaerunt
286 1841 295 1874 ,
320 1814 417 1876 quare
440 1793 496 1873 qui
510 1791 545 1855 in
560 1790 664 1854 medio
679 1790 777 1854 situm
791 1789 851 1872 sit,
873 1793 911 1852 ut
924 1810 985 1872 pro
999 1809 1136 1874 nequam

77 1901 102 1940 m
115 1879 309 1959 nequiquam
336 1878 478 1962 legatur,
507 1897 581 1940 cum
609 1875 706 1939 etiam
727 1894 864 1956 nequam
885 1873 970 1938 sicut
991 1873 1028 1938 in
1049 1875 1135 1939 omni

115 1983 207 2025 cassu
229 1982 347 2047 genere
362 1982 563 2040 annumero,
587 1960 634 2024 ita
656 1959 752 2023 etiam
768 1957 996 2023 aduerbialiter
1010 1958 1134 2024 adsumi

115 2046 226 2127 possit.
270 2046 324 2109 sed
353 2049 486 2142 propter
514 2044 737 2109 discretionem
765 2045 894 2107 tantum
922 2041 987 2107 hoc
1015 2042 1134 2108 addita·

114 2133 256 2192 mentum
284 2130 408 2191 medrae
436 2128 578 2210 syllabae
606 2132 790 2210 susceptum
818 2130 875 2195 est.
913 2130 1059 2192 ceterum
1083 2148 1134 2193 ne·

114 2214 216 2293 quiter
237 2217 293 2275 aut
315 2210 504 2295 simpliciter
526 2233 568 2275 ex
588 2232 725 2293 nequam
747 2211 910 2294 accipiant
931 2217 989 2276 aut
1008 2232 1048 2276 ex
1068 2210 1149 2276 sese
1176 2269 1177 2276 ,

75 2319 100 2358 aa
113 2296 203 2359 nasci
225 2295 434 2378 intellegant,
457 2296 531 2377 quia
553 2295 647 2360 aliter
669 2318 736 2360 non
759 2295 894 2379 habent3
918 2300 975 2360 aut
989 2297 1017 2360 si
1032 2297 1134 2382 magis

113 2383 242 2463 putent,
264 2381 395 2462 penitus
417 2384 579 2463 respuant

197 2462 378 2546 Requirunt
393 2465 489 2529 etiam
504 2468 613 2528 utrum
628 2485 667 2528 ex
681 2463 860 2548 participiis
875 2464 1032 2529 aduerbia
1044 2464 1133 2531 nasci

112 2552 262 2631 possunt3
291 2552 324 2613 et
351 2551 377 2614 si
406 2554 558 2634 possunt,
587 2571 625 2613 ex
654 2570 717 2633 quo
746 2548 933 2632 participio,
963 2554 1074 2614 utrum
1095 2570 1133 2614 ex

114 2633 264 2698 omnibus
293 2655 335 2698 an
363 2656 402 2698 ex
430 2635 598 2718 aliquibus.
636 2633 778 2716 spondeo
806 2633 935 2716 quidem
962 2654 1015 2699 ma
1037 2635 1133 2698 etiam

75 2744 100 2785 so
113 2718 220 2801 palam
253 2718 404 2784 omnibus
436 2719 548 2803 peritis
581 2719 668 2783 orbis
695 2718 931 2802 professurum,
964 2717 1053 2802 quod
1081 2718 1133 2783 ad·

182 2911 206 2958 7.
225 2904 354 2981 Euocant.
373 2903 461 2959 Beru.
474 2920 505 2972 p.
524 2908 588 2971 199,
605 2906 641 2959 25
659 2909 685 2959 et
702 2902 783 2960 Laid.
792 2903 816 2981 f.
828 2905 888 2958 79³:
907 2901 980 2956 Sunt
998 2902 1135 2958 adverbia

115 2989 149 3027 ex
168 2987 223 3040 quc
241 2988 318 3026 nasci
336 2973 502 3040 ambiguum
521 2975 565 3026 est
582 3001 614 3011 —
632 2973 737 3026 frustra
755 2987 830 3024 earm
848 2971 910 3039 (om.
929 2969 967 3037 13)
986 2971 1085 3024 utrum
1102 2998 1129 3010 -

113 3040 363 3162 piepppucrommunis
374 3042 513 3094 incertum
525 3039 655 3094 habetur.
681 3040 854 3107 nequiquam
866 3068 898 3078 ·-
910 3037 1043 3106 nequiter
1055 3055 1091 3093 ex
1102 3068 1132 3079 -

181 3282 196 3329 a
213 3277 302 3330 asan
318 3276 371 3345 au
383 3277 467 3330 assa
484 3275 566 3344 une
584 3276 710 3345 praesare
728 3277 749 3347 (a
766 3293 800 3331 eu
811 3281 838 3338 a)
857 3276 892 3331 u
905 3277 938 3344 19
955 3250 1057 3328 ionae
1076 3272 1131 3343 req

115 3349 143 3395 11
158 3342 181 3396 si
198 3343 232 3396 N
266 3351 296 3398 13
311 3344 450 3479 plurimus
468 3343 502 3396 N
511 3344 514 3412 1
535 3348 566 3397 15
578 3345 667 3413 possit
677 3344 710 3399 N
719 3346 724 3412 Ι
743 3350 774 3396 19
787 3342 830 3411 ut]
845 3344 874 3395 et
920 3343 952 3396 ai
963 3343 973 3410 1
986 3348 1019 3396 21
1031 3344 1134 3396 neutm

111 3409 145 3462 N
153 3425 221 3463 corr.
268 3412 299 3464 ai
334 3418 367 3465 23
385 3412 479 3466 media
532 3413 588 3482 1126
606 3413 689 3480 putet
711 3429 742 3464 ¹.
