2354 3946
143 199 206 265 112
419 199 481 256 VII.
509 197 635 255 PASSIO
656 199 682 255 S.
701 198 870 256 nanuum.

141 362 188 430 Ut
211 363 390 428 matutinos
413 362 538 445 primus
560 364 730 445 praesente
754 365 885 427 caterva

71 470 124 520 '120
142 452 303 536 Inciperet
325 451 416 535 cleri3
440 450 497 514 sed
520 450 633 515 crebro
656 450 735 514 dum
756 450 851 516 fieret
874 451 948 536 boo,

142 541 272 608 Accidit
294 541 329 604 in
353 539 492 624 quedam
516 538 644 623 signum
669 538 817 603 mirabile
841 538 932 604 dictu

142 630 257 713 Nocte,
279 628 430 693 videlicet
453 632 490 692 ut
511 627 633 692 faceret
654 627 736 691 bene
759 627 843 692 lidus
866 627 901 692 id
922 629 1042 713 ipsum

143 719 196 784 Ad
219 717 310 783 ouius
333 717 456 781 dietum
479 737 553 780 oum
575 719 686 780 coetus
709 716 794 780 forte
816 719 968 781 tenerent
1165 737 1175 778 r

143 808 209 873 Ora
231 828 291 872 neo
314 806 414 870 ullius
437 826 500 870 vox
523 825 616 869 cures
639 804 706 868 iota
727 803 853 887 feriret,

73 913 124 964 777
143 895 321 980 Angelicus
345 893 462 959 chorus
487 892 648 976 extemplo
671 891 840 976 respondit
863 898 1004 958 ovanter

143 983 344 1048 Particulam
367 1002 479 1044 versus
502 980 660 1063 reliquam
683 1001 868 1065 rursusque,
890 982 1036 1048 secunde

144 1070 225 1135 Cum
248 1071 317 1134 vioe
341 1073 483 1134 secretus
507 1072 638 1132 caneret
661 1068 737 1151 sibi,
760 1069 900 1134 caelicus
925 1071 1006 1137 ordo

143 1158 260 1223 Adfuit
284 1161 318 1221 et
340 1155 465 1220 medius
490 1177 565 1220 mox
588 1157 804 1240 respondetur
827 1158 868 1222 ab
891 1157 966 1242 ipso

142 1244 333 1311 Versiculos
356 1243 497 1329 quidam.
543 1243 605 1307 Per
628 1245 716 1328 quod
739 1246 895 1331 cognovit
918 1246 1034 1313 adesse

74 1352 125 1403 730
144 1334 193 1400 De
217 1333 315 1398 coelis
339 1331 464 1398 Christi
484 1330 619 1396 famulis
643 1333 763 1399 solatia
786 1356 915 1418 semper

143 1422 247 1508 Haec,
270 1421 425 1507 quoniam
450 1421 554 1486 sancti
577 1422 789 1487 exsultabunt
811 1422 883 1488 luce
906 1425 1044 1506 perenni

143 1511 246 1597 Inque
270 1532 328 1576 suo
352 1510 561 1575 laetabuntur
585 1509 653 1574 sine
675 1510 739 1574 fine
763 1511 873 1576 cubili.

146 1599 282 1685 Saepius
304 1599 382 1664 bino
404 1620 514 1663 secum
536 1596 645 1683 coepit
668 1598 816 1663 rimarier
838 1599 926 1664 istud

144 1691 253 1774 Atque
277 1689 420 1754 animum
442 1688 576 1771 pulsant
598 1686 685 1752 vitae
709 1688 911 1754 monimenta
933 1688 1065 1774 prioris,

76 1793 126 1843 737
147 1777 282 1854 Quando
307 1777 435 1862 quietus
458 1783 530 1841 erat
552 1797 701 1840 curarum
725 1778 833 1841 mente
855 1776 992 1842 remotis

144 1867 315 1932 Fluctibus
339 1869 437 1949 etque
461 1886 519 1929 suo
541 1863 659 1929 factori
682 1863 745 1927 rite
769 1865 917 1929 vacabat.

144 1955 240 2021 Nunc
263 1954 340 2040 quia
363 1955 540 2019 multorum
564 1952 652 2017 videt
673 1951 868 2035 infortunia,
888 1953 997 2019 tristis

145 2044 298 2109 Fluctuat
321 2047 418 2126 atque
441 2065 534 2107 suam
557 2043 679 2107 tractat
702 2040 865 2105 dimittere
889 2041 1012 2128 sedem3

145 2132 274 2198 Profuit
296 2133 330 2194 in
346 2152 421 2194 crea
442 2129 577 2213 cunctis,
600 2129 783 2214 ubicunque
806 2129 947 2196 valebat.

76 2237 127 2287 740
146 2219 205 2283 Bis
228 2219 344 2302 quinos
368 2220 557 2300 septemque
581 2217 648 2280 dies
672 2218 849 2301 complevit
871 2221 905 2282 et
927 2240 1050 2285 annum

144 2306 205 2370 His
229 2303 346 2370 studiis
369 2304 516 2386 rexitque
540 2324 673 2388 gregem
696 2327 754 2388 per
776 2328 897 2390 pascua
920 2311 1050 2393 pastor3

144 2394 224 2458 Post
247 2392 332 2457 clam
354 2390 449 2476 plebe
473 2391 553 2476 fuge
576 2391 740 2458 delabitur
763 2396 873 2460 omnia
896 2395 1055 2480 linquens.

143 2480 221 2546 Inde
245 2480 332 2545 viam
355 2501 490 2563 carpens
513 2481 677 2546 lustrabat
699 2504 801 2569 regna
822 2483 976 2566 locosque

145 2569 248 2646 Quam
271 2569 391 2652 plures,
413 2569 468 2633 ubi
491 2571 663 2656 perspicuo
687 2573 784 2638 corda
807 2572 897 2637 crida
920 2573 1013 2638 verbi

75 2675 125 2726 747
146 2657 285 2723 Vomere
307 2654 455 2723 vertebat
477 2659 646 2726 hominum
670 2662 841 2747 sulcosque
864 2661 985 2746 fideles,

145 2745 207 2822 Qui
230 2747 373 2810 facerent
395 2748 499 2811 laetas
524 2754 673 2834 suscepto
698 2751 820 2815 semine
843 2751 965 2835 fruges.

144 2834 282 2901 Actibus
305 2834 380 2898 istis
404 2857 459 2899 sex
483 2858 585 2902 annos
609 2841 641 2901 et
665 2836 805 2921 quinque
828 2838 963 2923 peregit.

438 2970 511 3038 Quid
529 2973 558 3027 in
576 2972 713 3042 Hispania
730 2974 859 3042 gesserit.

143 3080 340 3164 Hispaniam
362 3103 492 3147 versum
515 3081 671 3166 posthaec
694 3080 853 3146 deliberat
876 3084 931 3165 ire,

144 3169 217 3246 Qua
239 3171 376 3235 crudelis
400 3173 471 3234 erat
492 3168 632 3254 populus
655 3168 789 3254 gentilis
814 3176 847 3234 et
870 3194 992 3258 excors,

216 3325 384 3379 ‘123‘cetus’
433 3331 484 3379 776
501 3295 659 3393 ‘extimplo'
705 3329 756 3379 726
773 3325 941 3383 ‘secundom’
958 3345 1008 3398 per
1027 3347 1157 3402 compen-

144 3394 222 3449 dium
241 3395 376 3482 scriptum
427 3400 477 3450 727
493 3393 620 3449 ‘colicus’
669 3399 720 3449 728
736 3395 847 3451 ‘Affuit'
896 3404 947 3452 730
964 3401 1056 3455 ‘celis’
1106 3408 1156 3458 731

145 3484 216 3540 ‘Heo
236 3499 248 3535 τ
270 3501 318 3552 qm
336 3485 377 3537 soi
392 3484 560 3540 exultabunt
573 3483 635 3540 lnce
648 3481 796 3553 perhenni'
845 3492 896 3541 733
912 3485 1035 3555 ‘Sepius'
1057 3491 1155 3561 ‘oepit’

146 3561 198 3612 734
213 3555 293 3612 ‘vite'
346 3560 397 3609 737
414 3555 455 3608 ‘in
473 3553 607 3609 fortunia’
625 3585 657 3596 -
674 3555 721 3611 *ᾶῐ
734 3557 877 3624 hispani&
894 3568 928 3599 ὲ
943 3562 995 3611 748
1012 3558 1154 3628 ‘postbec’
