2354 3946
205 180 226 233 I.
254 176 380 235 PASSIO
400 178 447 235 SS.
461 179 573 235 PETRI
591 178 637 234 ET
655 178 766 236 PAULI
785 179 1065 240 APOSTOLORUM.
1105 183 1143 248 11

62 358 114 407 285
133 341 220 407 Nam
245 342 391 426 queritur
414 346 517 406 semet
540 343 645 407 multo
668 365 740 408 cum
764 343 897 408 crimine
920 345 1029 410 fusum

177 430 344 495 Insontem
368 434 400 494 et
423 431 529 495 000010
553 452 609 495 000
631 433 784 517 pepulere
807 455 932 498 manus.

132 518 314 583 Domitium
337 518 417 584 haec
439 522 581 604 tangunt
603 519 692 585 fecta
714 521 816 605 impia
838 543 954 606 nempe
972 521 1146 607 Neronem,

177 606 239 682 Qui
263 608 332 672 sine
355 608 429 671 labe
452 608 540 672 uiros
563 607 642 673 fecit
665 608 753 673 adire
775 631 895 676 necem.

132 695 165 759 Is
189 695 323 760 meritas
347 696 511 760 tribuente
535 696 594 760 deo
618 697 684 761 iem
706 697 846 782 pendere
869 720 991 781 000000

61 800 113 849 230
176 783 288 848 100000
312 785 476 848 Romanos
502 786 605 849 movit
626 785 662 848 in
685 807 776 850 arma
798 786 901 869 viros3

131 872 218 936 Nam
241 878 351 956 patres
375 894 496 956 caesos,
518 873 609 937 urbis
633 873 801 958 dispendia
824 875 865 938 ab
888 875 971 960 igni,

176 960 361 1027 Maternum
383 961 558 1046 incestum,
581 965 688 1026 cetera
710 962 831 1046 probra
854 964 917 1027 sui:

131 1047 278 1133 Imputat
302 1051 367 1114 ista
392 1051 460 1115 viro
483 1050 623 1134 populus
646 1049 814 1115 Romanus
838 1052 944 1118 100001

177 1138 374 1221 0000010000
396 1138 533 1223 pariter3
556 1139 725 1222 linquitur,
747 1144 785 1203 ut
808 1141 935 1204 meruit.

60 1225 203 1291 coslam
225 1227 339 1310 iugulo
358 1228 493 1311 capulus
517 1228 764 1311 superimminet
787 1232 885 1313 atque
906 1229 1037 1313 recedit,

176 1314 223 1380 Ut
244 1318 351 1380 visum
375 1316 494 1380 misero
519 1320 581 1399 est,
604 1317 660 1380 lux
684 1316 882 1381 tenebrescit
905 1317 948 1401 ei3

53 1455 57 1460 .
132 1401 237 1467 Corde
256 1404 381 1487 tremit,
405 1403 560 1468 membris
580 1405 727 1489 quatitur
744 1426 803 1470 nec
821 1405 928 1470 lustra
945 1407 1055 1492 fugaci

175 1491 343 1556 Munimen
364 1492 514 1557 tribuunt
537 1491 645 1577 sicque
666 1514 801 1576 perosus
826 1495 895 1557 abit

131 1581 195 1645 Pro
214 1581 336 1666 populo
356 1584 389 1644 et
411 1581 562 1665 patribus
585 1581 759 1646 comitatus
783 1603 925 1666 paupere
948 1583 1055 1667 turba,

60 1686 114 1734 300
176 1669 327 1734 Libertus
351 1690 484 1733 numero
508 1673 648 1755 quatuor
671 1669 841 1754 aspiciens.

131 1756 293 1823 Silvarum
317 1758 432 1842 dumis,
455 1757 593 1822 rhamno
617 1779 674 1822 000
697 1758 801 1822 000100
825 1758 944 1823 0010000

174 1845 247 1911 Ηο0
270 1846 412 1930 illucque
435 1846 522 1932 fugit
541 1846 650 1910 omnia
672 1846 738 1910 fida
760 1846 894 1930 timens3

42 1997 46 2001 ,
130 1933 275 2001 Consilio
299 1934 413 1999 infelix
434 1935 571 1998 nimium
594 1935 747 2017 deceptus
772 1934 888 1999 acerbo

175 2023 355 2109 Praeparat
377 2024 447 2107 ipse
472 2023 548 2107 sibi,
571 2045 634 2107 quo
658 2027 784 2107 pereat,
807 2023 968 2106 laqueum.

59 2128 110 2177 303
131 2109 192 2194 Sic,
216 2113 262 2177 010
284 2133 425 2195 namque
448 2113 554 2196 perire
578 2112 696 2196 solent,
720 2112 776 2196 qui
798 2111 930 2176 tramite
953 2112 1039 2177 iusto

174 2200 311 2265 Abiecto
335 2203 368 2264 00
391 2203 480 2265 00000
505 2201 598 2266 devie
620 2223 765 2286 quaeque
788 2201 912 2266 volunt.

131 2286 184 2353 Sic
206 2288 305 2371 periit
328 2290 489 2372 quondam
513 2289 648 2354 Davidis
671 2289 758 2354 filius
783 2311 903 2374 excors,

176 2376 238 2452 Qui
261 2381 387 2460 patrem
411 2399 511 2461 regno
534 2379 654 2463 pellere
677 2378 748 2444 luce
772 2379 870 2463 00010.

131 2462 220 2528 Μοο0
242 2486 308 2530 000
331 2465 500 2530 dissimilis
523 2467 722 2550 Achitophel
743 2466 829 2531 forie
851 2467 991 2550 peremit

59 2571 111 2619 310
175 2551 312 2618 Gutture
336 2554 547 2619 constrictum
572 2559 625 2620 set
647 2555 778 2639 pietatis
802 2555 905 2639 inops.

129 2640 227 2706 Iudas
250 2643 319 2725 ipse
343 2642 443 2707 etiem
467 2642 591 2707 domini
614 2665 673 2708 nec
696 2642 837 2708 traditor
859 2644 922 2709 hoc
945 2648 996 2708 est

172 2729 286 2795 Exitio
310 2736 472 2814 exceptus,
495 2731 572 2795 dum
595 2730 657 2796 hec
679 2730 764 2814 perit
787 2731 841 2796 ille
863 2753 950 2796 nece.

128 2817 229 2883 Facta
250 2819 419 2884 hominum
443 2817 592 2883 Christus
616 2841 720 2903 aequa
743 2819 803 2883 sub
827 2820 919 2884 lance
942 2841 1117 2904 repensans

173 2906 289 2991 Aequa
312 2906 403 2972 dabit
425 2907 558 2990 0001000
581 2907 720 2972 Tartara
741 2929 802 2992 pro
826 2908 961 2972 meritis

58 3011 110 3061 315
129 2993 223 3060 Nunc
248 2995 502 3079 0010000010οε
527 2995 629 3080 gestis
653 2996 837 3080 persolvere
859 3016 982 3079 poenas

173 3083 330 3168 Aequalis
353 3106 474 3169 aequus
498 3083 629 3149 nomine
653 3105 748 3168 00000
772 3084 876 3167 10000,

199 3336 252 3385 287
271 3336 290 3382 τ
311 3328 491 3384 ‘Domicium’
514 3333 535 3381 B
556 3327 756 3384 ‘Dominarum’
779 3327 853 3381 ‘hec’
911 3331 962 3381 288
981 3332 1001 3378 Τ
1021 3323 1139 3380 ‘nerem'

127 3419 142 3453 r
159 3399 188 3453 in
208 3418 222 3454 0
241 3403 381 3454 mutatum
441 3406 493 3455 292
517 3405 537 3451 1¹
557 3399 622 3454 ‘seo'
645 3404 666 3452 B
687 3398 756 3454 ‘ocu’
813 3403 864 3453 235
886 3399 981 3467 ‘super
999 3394 1139 3451 imminet’

129 3471 259 3526 ‘recedit’
281 3489 318 3526 an
338 3472 478 3527 ‘resedit'?
542 3475 594 3525 301
615 3470 735 3525 ‘ramno'
797 3475 849 3524 304
869 3468 1028 3536 ‘Properat’
1089 3469 1140 3522 80⁰

130 3541 294 3597 ‘achitofel'
351 3547 401 3596 312
423 3542 510 3598 ‘haec’
566 3545 619 3596 314
637 3548 657 3595 r
677 3540 792 3596 ‘artare’
849 3547 901 3599 313
921 3538 1010 3612 ‘sepe’
