2354 3946
83 144 127 213 30
400 145 448 201 ΙΙΙ.
476 144 565 201 VITA
584 145 611 201 S.
629 144 776 200 nansnl.

82 310 145 376 His
170 308 263 376 dictis
288 308 436 393 sequitur
459 312 587 374 coetum
610 307 793 374 benedictio
817 305 963 393 Christi3

84 399 151 464 Olli
173 420 290 483 nempe
314 399 428 463 deost
414 402 491 463 tuno
515 397 587 462 dest
573 401 700 462 truxere
724 396 887 482 malignos
1124 408 1171 463 ro¹

84 486 223 554 Credent
209 491 322 589 tesque
345 487 420 552 hino
444 508 478 551 se
503 485 671 552 Christum
694 484 857 551 celebrare
880 486 1062 568 parabant

84 575 216 663 Septem
239 576 359 660 quippe
383 576 451 640 dies
474 575 568 640 docet
592 575 696 640 almus
719 572 912 638 Erasmus
902 595 940 637 1n
964 575 1064 660 urbe3

13 682 64 732 295
84 666 272 730 Exhortans
295 665 453 748 populum
477 663 601 730 Christi
625 662 790 728 confortat
813 666 846 727 et
868 661 960 726 infit:

84 754 165 820 Vos
189 776 300 819 omnes
325 757 452 818 servate
476 752 527 816 dei
549 751 704 816 mandata
726 750 874 835 benigni,

82 842 176 908 Facti
200 845 368 928 signorum
392 861 552 906 memores
575 842 681 904 estote
705 861 847 923 suorum,

82 931 144 996 Est
131 935 199 996 tote
221 931 323 996 fortes
346 931 537 1013 firmamque
559 929 656 993 fidem
678 932 729 993 ret
715 927 838 992 tineta'

82 1019 275 1083 Maximiani
298 1019 378 1082 haec
401 1018 489 1083 facta
513 1039 588 1081 suas
611 1016 757 1082 relenmt
743 1021 796 1081 tur
819 1015 860 1081 ad
883 1038 982 1082 aures

12 1125 65 1175 300
84 1106 251 1192 Sacrilego
275 1106 430 1190 vulgante
453 1107 592 1189 homine,
617 1108 667 1170 eat
690 1105 745 1191 qui
767 1104 899 1170 nomine
922 1104 1065 1172 Probus.

84 1194 165 1259 ‘Rex
188 1195 339 1277 clemens,
363 1193 464 1277 audi‚'
488 1193 585 1274 fatur,
609 1192 704 1279 ‘quac
728 1198 804 1259 sunt
827 1196 965 1278 operata

82 1282 196 1367 Nuper
217 1285 252 1347 in
274 1282 355 1348 urbe
378 1286 445 1364 tua,
467 1284 582 1368 ignoto
605 1304 672 1347 non
694 1304 793 1348 nosco
816 1281 948 1347 homine
968 1305 990 1347 a
1010 1306 1085 1369 quo.

82 1371 130 1437 Ut
153 1394 234 1456 reor,
256 1371 314 1435 ille
337 1392 453 1457 magus
478 1392 655 1455 suasorque
678 1374 729 1435 est
750 1369 992 1456 Antiochenus3

83 1460 234 1546 Namque
258 1460 334 1525 deos
358 1463 489 1526 vertens
511 1465 642 1525 nostros
664 1459 761 1524 iussit
784 1459 947 1524 celebrare

11 1567 63 1618 305
83 1550 215 1616 Iudaica
238 1548 405 1616 Christum
429 1550 519 1635 ligno
543 1549 582 1613 de
606 1552 702 1634 gente
725 1547 916 1613 revinctum.
1116 1557 1167 1612 rc*

81 1639 241 1704 Novimus
264 1639 350 1703 hunc
373 1640 481 1704 cuncti
503 1637 619 1703 Iudam
642 1658 769 1722 quoque
792 1636 920 1702 tradere
943 1638 1055 1705 morti.

81 1727 253 1794 Praedicat
276 1727 329 1792 hic
353 1728 392 1792 de
415 1732 519 1792 morte
542 1727 662 1790 iterum
685 1726 840 1790 viviscere
864 1725 976 1790 divum

83 1814 326 1901 Confirmatque
350 1816 466 1882 dehinc
489 1837 652 1881 summum
675 1814 888 1880 conscendere
911 1814 1061 1882 caelum?

82 1904 145 1970 His
168 1928 225 1970 rex
249 1906 488 1970 auditisiussit
510 1904 668 1970 famulum
691 1903 824 1968 retineri

10 2010 63 2059 310
82 1992 161 2058 Mox
184 1993 306 2060 Christi
330 1998 427 2078 atque
451 1994 518 2058 suis
542 1993 768 2078 conspectibus
791 1994 867 2056 ante
890 1990 1037 2056 tribunal

81 2081 206 2146 Deduei
229 2082 438 2166 inquiritque‚
462 2082 557 2146 deum
581 2103 676 2165 quem
699 2081 828 2145 eredere
852 2079 963 2164 vellet,

82 2167 177 2232 Ast
131 2173 274 2252 trpsum
298 2191 369 2234 sese
392 2170 445 2237 vel
469 2168 546 2252 quid
569 2170 674 2234 facere
697 2168 863 2234 voluisset.

82 2253 182 2320 Sanct
168 2260 221 2321 tus
245 2256 343 2320 homo
368 2257 408 2320 ad
432 2257 540 2322 caelos
564 2279 702 2342 propere
726 2258 867 2323 correxit
890 2257 1012 2322 ocellos

82 2341 253 2428 Statquet
254 2366 360 2428 acens,
382 2346 492 2409 verbis
514 2346 562 2410 nil
586 2347 804 2430 respondebat
827 2347 957 2410 amaris

10 2447 61 2497 310
83 2431 203 2497 Caesar
227 2433 289 2498 ait:
314 2432 376 2496 Tu
399 2434 438 2498 de
461 2434 567 2498 causis
590 2433 639 2497 nil
663 2433 780 2498 dixeris
803 2433 911 2499 istis‘l'

78 2520 119 2586 ln
141 2522 292 2586 maxillas
316 2522 471 2586 contundi
495 2522 581 2587 hunc
604 2521 681 2586 stat
671 2543 780 2606 1mque
803 2523 946 2587 iubebat

80 2609 118 2676 ‘0
142 2609 223 2694 rex,'
248 2614 378 2675 sanctus
402 2611 463 2695 ait,
486 2611 574 2695 lupe
596 2610 711 2695 plenus
736 2611 826 2676 avari
827 2611 947 2694 tiaque‚

80 2697 146 2764 Cur
169 2721 298 2764 servum
322 2698 446 2763 domini
468 2698 542 2763 Iesu
564 2700 662 2764 modo
684 2699 888 2784 persequeris
911 2697 996 2763 me?'
1111 2708 1169 2761 ru*

80 2787 165 2872 Regi
189 2787 369 2873 quaerenti,
393 2809 489 2872 quem
512 2789 636 2872 credat,
660 2791 693 2852 et
716 2790 779 2853 iate
801 2787 963 2873 profatur:

9 2892 62 2942 320
82 2874 205 2940 ‘Christ
191 2881 243 2940 tus
267 2896 407 2958 namque
430 2875 518 2956 deus,
539 2880 637 2941 natus
660 2877 764 2961 patris
789 2876 1032 2961 omnipotentis,

80 2962 142 3040 Qui
165 2967 283 3051 regnat
306 2964 425 3050 quippe
448 2964 597 3029 incaelo
621 2987 694 3030 eum
717 2965 848 3030 numine
872 2966 968 3049 celso,

149 3155 343 3212 291‘cetum'
422 3160 474 3209 394
499 3154 648 3210 ‘erasmus’
730 3159 781 3210 295
807 3155 960 3211 ‘exortans’
1039 3163 1092 3213 297

80 3226 217 3282 ‘soorum’
241 3245 261 3282 ιι
286 3241 422 3297 superscr.
494 3230 548 3281 309
572 3226 615 3280 ‘sa
637 3226 739 3297 rilego'
766 3245 781 3283 0
803 3242 938 3297 superscr.
964 3226 1091 3295 ‘probus'

78 3304 131 3353 303
151 3298 338 3354 ‘antiocenus'
402 3303 453 3353 307
474 3297 624 3367 ‘predicat'
690 3303 743 3353 308
763 3298 876 3353 ‘celum'
942 3297 1094 3353 30910001-

77 3369 148 3424 neti’
169 3373 183 3424 t
200 3369 230 3423 in
248 3387 263 3423 r
282 3369 463 3425 emendatum
532 3373 584 3423 311
601 3368 708 3423 ‘deum'
729 3386 815 3438 supra
832 3368 937 3423 lineam
957 3367 1093 3437 scriptum

77 3445 130 3494 315
156 3439 263 3496 ‘Cesar'
341 3445 394 3497 916
419 3440 544 3496 ‘hurnc'
568 3440 643 3495 inter
670 3458 689 3494 u
717 3442 746 3495 et
773 3459 791 3495 v
817 3440 913 3494 littera
942 3453 1022 3491 erasa
1049 3442 1093 3494 est

78 3515 130 3566 319
151 3511 302 3580 ‘querenti'
