2422 3976
370 121 444 175 VIII.
476 120 628 176 CARMEN
651 120 699 174 DE
723 121 751 177 S.
769 121 889 178 Luem.
1071 123 1133 189 139

121 287 174 352 Sic
197 286 299 370 lucus,
321 284 443 349 Parcae
466 305 532 349 non
554 284 653 367 fact0,
675 305 755 349 voce
777 283 902 349 cientur
925 322 968 331 —

120 374 200 441 Oum
226 378 348 438 terrere
371 373 469 437 minis
492 372 651 438 famulam
673 376 769 457 putat
792 373 1005 458 altitonantis,

119 465 210 529 Tunc
234 463 382 528 animans
406 483 502 548 mage
525 461 616 526 dicit:
640 460 723 525 ‘lam
745 461 810 526 cito
835 462 960 526 desinet
982 463 1049 526 istc

118 553 304 617 Verborum
328 551 485 632 cumulus,
507 547 636 615 teneras
660 570 734 613 cum
755 551 892 615 verbera
914 571 1027 616 carnes

67 659 101 708 ἰο
123 640 299 706 Sulcarunt
321 639 471 725 praedira
493 643 568 703 tuas
592 642 625 703 et
648 638 817 723 sanguinis
840 639 944 704 undas

117 730 320 795 Perfundent
343 728 440 793 terris
464 732 540 792 tuus
565 731 597 792 et
621 748 717 793 cruor
740 750 819 793 arva
840 726 985 813 rigabit?

119 818 271 904 Congrue
293 818 394 902 tregit
418 821 451 881 et
474 817 554 881 haec
577 817 728 880 caelestis
750 816 839 901 regis
862 817 967 882 amica

118 906 346 990 Respondens:
370 905 457 971 ‘Non
479 905 578 970 verba
603 905 669 989 dei,
692 904 749 988 qui
772 910 890 970 cuncta
911 906 1053 991 peregit,

120 994 304 1060 Oessabunt
325 992 488 1079 unquam?
530 994 655 1058 Rursus
681 996 847 1059 certamen
868 995 999 1078 iniquus

67 1100 100 1150 75
119 1084 260 1150 Innovat
283 1087 316 1148 et
339 1084 414 1148 lites
439 1103 632 1166 componere
655 1082 781 1147 nescius
807 1083 890 1148 illas.

120 1170 182 1238 Sed
207 1173 283 1237 dum
306 1173 377 1236 vult
401 1172 516 1253 alium,
540 1193 574 1235 se
597 1170 740 1254 primunr
764 1174 905 1256 percutit
927 1173 1023 1238 idem.

119 1259 172 1326 Sic
196 1262 291 1344 <est>
314 1261 404 1325 fraus
429 1261 534 1324 omnis
558 1261 700 1343 primum
726 1260 789 1325 sibi
812 1282 909 1326 causa
932 1261 1045 1345 pericli

118 1349 163 1415 Et
186 1350 273 1415 cadit
296 1350 331 1413 in
353 1349 659 1433 laqueos-incautis
683 1348 759 1412 dum
782 1353 878 1432 parat
900 1350 999 1433 ipsos.

118 1439 187 1503 Iste
211 1438 331 1502 etenim
354 1438 500 1520 sequitur
521 1436 663 1522 vestigia
685 1437 827 1519 perfidus
851 1438 929 1520 eius,

66 1544 101 1593 80
120 1527 183 1603 Qui
207 1526 374 1591 dominum
398 1525 604 1590 dominorum
626 1525 727 1589 etiam
749 1529 909 1609 temptare
933 1526 1088 1613 malignis
1166 1568 1169 1571 >

119 1616 257 1680 Artibus
281 1620 332 1680 est
354 1636 451 1679 ausus
475 1617 526 1678 ter
550 1635 686 1699 surgens
709 1618 823 1698 terque
845 1615 986 1680 volutus.

119 1703 219 1790 Ergo,
243 1704 331 1788 dous,
353 1704 459 1787 nobis,
483 1706 515 1768 et
537 1703 642 1767 virtus
666 1703 780 1787 ardua,
804 1703 879 1768 ades
904 1707 949 1768 tu.

119 1791 290 1878 <Ignoras',
314 1793 361 1857 ait
384 1793 454 1876 illa,
478 1791 550 1856 ‘tibi
574 1813 655 1876 quae
679 1796 755 1856 sunt
778 1792 856 1857 datu
879 1815 982 1876 saepe.

118 1879 188 1945 Nec
211 1903 324 1946 caccus
348 1881 443 1947 iubar
466 1880 635 1945 exstinctis
659 1882 748 1967 rapit
772 1881 905 1946 orbibus
928 1904 1086 1967 unquam,

66 1987 100 2037 85
118 1969 180 2034 Ille
203 1975 328 2054 tamen,
350 1971 406 2054 qui
429 1971 503 2054 plus
526 1970 677 2034 tenebras
702 1991 800 2054 quam
824 1970 912 2035 sidus
937 1971 1075 2056 amabit3

119 2059 213 2124 Velle
237 2081 331 2124 suum
354 2059 463 2143 capiet
487 2062 684 2144 quapropter
708 2059 843 2143 quisque
868 2061 1052 2125 secundum.

118 2147 229 2213 Verba
251 2149 303 2213 dei
326 2148 405 2233 dixi,
428 2148 564 2212 monitis
586 2147 664 2232 quia
686 2147 835 2232 perfruar
859 2148 928 2213 eius
1145 2151 1147 2157 ’

118 2236 298 2321 Tamquam
323 2237 442 2301 ancilla
465 2237 534 2323 iugi
558 2236 718 2302 famulatu
741 2238 924 2322 ubicunque
947 2239 1093 2304 subacta.

117 2325 191 2408 Ipse
215 2326 335 2390 etenim
359 2325 513 2390 mandata
536 2347 612 2389 suos
635 2325 838 2392 instruxerat
860 2328 940 2392 ista:

66 2430 100 2478 90
120 2411 232 2477 “Ante
255 2418 362 2476 truces
385 2434 481 2499 reges
505 2413 629 2497 ductos,
652 2436 725 2478 cum
748 2415 980 2498 praesidis'ira

118 2500 303 2582 Ferbuerit,
325 2521 366 2564 ne
389 2501 547 2566 sollicitet
569 2522 629 2565 vos
652 2523 730 2567 cura
753 2502 922 2587 loquendi:

119 2587 253 2654 Concite
277 2587 404 2652 dicendi
427 2588 558 2653 dabitur
580 2588 733 2653 facundia
754 2591 860 2655 vobis.

119 2677 206 2744 Nam
228 2700 288 2742 vos
311 2698 378 2742 non
401 2676 490 2766 estis,
514 2677 570 2761 qui
591 2675 727 2741 funditis
751 2698 807 2742 ore
830 2678 992 2762 loquelas:

66 2792 67 2798 ¹
120 2765 263 2851 Spiritus
287 2766 321 2829 in
344 2765 438 2830 vobis
461 2764 521 2829 has
544 2765 668 2829 format
691 2767 951 2851 cunctipotentis,

67 2871 100 2921 95
119 2855 235 2919 Totius
260 2854 433 2920 moderans
458 2853 513 2938 qui
537 2853 683 2918 continet
705 2855 794 2919 orbis
817 2855 995 2927 habenas.''

118 2944 243 3007 Rursus
267 2943 315 3007 ait
336 2944 440 3008 malus
463 2943 532 3007 illc:
557 2941 746 3007 ‘Ticinum
770 2943 904 3029 spiritus
929 2946 1070 3012 almus?

119 3032 257 3096 ‘Iudicat
280 3031 313 3095 id
337 3029 467 3117 Paulus,
490 3036 652 3096 terrarum
676 3031 790 3098 doctor
812 3034 964 3119 enormis,

191 3212 243 3262 368
259 3207 409 3262 ‘animant'
466 3213 518 3264 370
535 3207 711 3263 ‘Sulcabuot'
731 3206 908 3262 scribendum
927 3209 1040 3264 videtur
1060 3212 1133 3281 ‘pre-

119 3279 191 3333 dita'
249 3278 492 3345 371‘Perfundet'
513 3279 562 3350 [au
582 3279 618 3332 ad
634 3278 740 3334 ‘cruor’
756 3279 872 3332 verbum
891 3280 989 3334 reterri
1006 3284 1120 3350 potest?

119 3350 341 3418 374‘umquam’
390 3349 514 3404 3⁷7‘ert'
531 3348 575 3404 vel
592 3350 645 3418 ‘fit’
661 3349 798 3404 excidisse
812 3349 925 3404 videtur
974 3357 1026 3408 383
1041 3354 1151 3423 ‘sepe'

120 3426 172 3476 384
192 3422 296 3476 ‘cecus'
323 3419 477 3475 ‘extinctis'
505 3421 662 3490 ‘umquam’
729 3426 781 3475 386
801 3421 869 3488 ‘qua
890 3424 1019 3493 propter'
1081 3430 1132 3481 388

121 3491 311 3562 ‘ubicumque’
368 3497 420 3547 390
441 3491 583 3562 ‘presidis’
640 3498 693 3548 396
713 3491 837 3547 ‘Tocius’
