2354 3946
441 217 488 271 IX.
517 216 604 271 VITA
629 216 655 272 S.
675 216 829 273 GISLENI.
956 249 959 256 ·
1077 218 1141 284 165

130 378 250 443 Fontes
274 378 470 462 sanctificat,
492 378 611 443 divinis
634 379 764 464 legibus
787 380 897 445 instat.
1161 405 1173 447 r

130 466 281 552 Complet
309 487 429 551 sponsa
452 489 552 544 sacer,
580 468 692 552 genito
716 468 792 533 dum
817 468 994 534 chrismata
1017 470 1143 535 confert
1174 494 1177 508 ·

129 555 290 621 Fontibus
314 559 347 620 et
370 556 492 620 sanctis
515 555 600 621 trino
625 556 685 622 sub
708 558 838 622 nomine
861 557 977 645 iungit.

58 661 110 709 410
130 644 284 709 Proluvio
307 644 406 729 primi
429 644 475 708 sic
499 648 615 709 exutus
638 646 837 730 protoplasti

129 731 291 798 Verrucas
314 733 424 797 zabuli
447 732 564 797 vitavit
587 754 665 798 voce
689 734 830 818 patroni.

129 821 191 886 His
214 823 263 886 ita
285 821 427 906 patratis
452 821 570 886 summi
593 822 714 886 virtute
738 824 884 905 patroni,

131 910 279 976 Antistcs
304 908 414 975 Cellae
437 911 565 976 vultum
589 909 761 995 consignat
785 912 907 978 amicae

128 999 174 1064 Et
196 1001 320 1084 pariter
343 1000 442 1064 calles
466 999 612 1064 exsulcat
635 1003 803 1085 compater
825 1001 955 1088 hospes.

58 1104 110 1152 410
130 1087 192 1152 Hic
216 1088 364 1173 equidem
388 1109 522 1153 cernens
544 1087 598 1153 hic
621 1092 673 1154 sat
696 1088 855 1155 bonitatis
880 1114 1023 1157 amorem

130 1176 240 1260 Ipsum
264 1199 364 1242 necne
388 1178 495 1243 locum
518 1177 677 1260 probitati
699 1180 859 1263 praesulis
883 1184 998 1264 aptum

67 1334 72 1341 ,
128 1264 276 1331 Pectoris
300 1266 336 1330 in
359 1288 457 1350 capsa
480 1269 588 1331 tactus
612 1267 798 1350 spiraminis
823 1291 912 1351 aura,

31 1424 36 1434 ,
130 1354 292 1440 Quidquid
316 1355 498 1439 descriptae
521 1354 626 1419 visum
649 1356 839 1440 contingere
862 1357 969 1440 villae,

130 1442 263 1517 Quodve
286 1445 337 1508 sui
360 1442 441 1506 iuris
465 1443 639 1507 constabat
660 1444 713 1508 vel
738 1445 884 1527 dicionis,

59 1546 112 1596 420
131 1530 281 1597 Tradidit
303 1531 412 1597 herois
436 1531 524 1595 ultro
548 1534 654 1595 terrae
678 1532 849 1615 paradoxis

131 1617 246 1735 Siqquc
266 1621 398 1685 domum
420 1622 573 1705 repetens
591 1619 674 1684 bene
693 1619 911 1704 morigeratur
930 1620 970 1684 ad
990 1642 1139 1706 unguem.

130 1757 209 1823 Quod
224 1758 331 1814 maritis
347 1758 415 1812 almi
429 1757 567 1829 praesulis
580 1775 614 1813 ex
628 1775 702 1827 aqua
713 1759 744 1814 in
758 1758 863 1814 siccum
877 1760 1037 1830 prosiluerit
1050 1760 1141 1829 piscis.

129 1866 287 1952 Apprime
311 1868 427 1953 dignus
451 1872 528 1934 tunc
551 1872 700 1950 tempore
723 1870 852 1950 praesul
874 1868 1043 1933 Amandus

130 1954 267 2021 Oulmen
291 1957 330 2020 ad
355 1957 508 2023 ecclesiae
530 1956 715 2044 Dagoberti
738 1957 852 2021 ductus
877 1979 995 2022 amore.

129 2043 191 2109 Hic
215 2044 455 2111 'l'raiectensem
478 2050 591 2130 pastor
614 2045 768 2110 transivit
791 2045 825 2108 in
848 2067 968 2128 arcem,

57 2149 110 2198 425
130 2133 174 2198 Ut
197 2133 279 2198 bene
302 2135 453 2219 papyreis
478 2156 592 2198 manus
616 2133 801 2218 antiquaria
823 2132 920 2199 fastis

129 2221 240 2287 Illevit
262 2224 394 2307 scriptis
418 2227 527 2287 tutum
549 2222 708 2307 liquitque
732 2222 905 2288 modernis.

129 2309 216 2374 Nam
239 2316 335 2395 parat
358 2311 508 2377 Helnone
532 2332 566 2375 se
590 2311 747 2376 fratribus
770 2313 798 2377 is
822 2333 975 2377 revocare

129 2400 182 2464 Ad
204 2401 441 2465 confirmandos
466 2399 597 2465 virtutis
621 2404 654 2464 et
678 2405 749 2465 arte
773 2400 946 2466 notandos.

130 2484 265 2552 Sulcans
288 2510 367 2574 ergo
391 2490 478 2553 viam
502 2487 684 2553 Cellensem
707 2489 854 2553 venitin
877 2489 1006 2573 horam,

56 2591 109 2640 430
129 2575 292 2662 Dogmate
317 2577 440 2642 Gisleni
465 2581 568 2642 semet
591 2598 672 2661 quae
695 2577 826 2641 mittere
850 2577 957 2642 caelis.

128 2663 192 2728 Hic
216 2665 377 2749 siquidem
400 2671 509 2730 vatem
533 2669 666 2748 captans
690 2665 750 2728 sub
773 2667 905 2748 pectore
927 2666 1027 2729 talem

130 2751 253 2817 Obvius
277 2753 344 2819 exit
367 2776 477 2836 ovans,
499 2753 635 2839 pietatis
659 2775 767 2817 amore
790 2753 964 2818 resultans.

129 2839 208 2905 lnde
232 2841 330 2905 simul
354 2843 490 2907 claustri
513 2845 687 2926 penetrant
711 2842 864 2906 conclave
888 2842 1022 2924 novelli3

128 2929 297 2994 Accedunt
320 2931 420 2995 multi
442 2932 602 2996 iustorum
626 2930 753 3016 glutine
777 2930 863 2995 laeti.

200 3090 251 3140 408
272 3087 399 3156 ‘sponsa’
424 3101 560 3155 superscr.
581 3088 609 3141 ‘i
630 3086 728 3142 missa’
751 3085 906 3141 ‘crismata’
927 3083 962 3140 cf.
981 3090 1034 3139 403
1089 3091 1143 3140 414

131 3156 265 3211 ‘exulcat’
319 3162 371 3211 410
391 3174 474 3226 super
492 3158 645 3213 secundum
660 3158 729 3213 ‘hic’
750 3158 797 3212 ‘au
815 3156 882 3211 loci’
899 3155 1036 3225 scriptum
1090 3162 1142 3211 418

130 3225 293 3297 ‘Quicquid’
351 3234 403 3283 421
421 3228 546 3298 ‘aguam’
566 3246 585 3281 n
604 3245 739 3298 superscr.
802 3234 854 3282 422
875 3225 1033 3297 ‘Adprime’
1089 3233 1142 3282 423

130 3298 306 3353 ‘aecclesiae’
390 3304 443 3353 424
473 3299 684 3380 ‘treqetensem'
717 3316 771 3354 sec.
799 3317 884 3380 manu
922 3298 1075 3353 correctum
1113 3299 1143 3352 in

130 3369 351 3424 ‘traiectensem'
399 3369 613 3440 425‘pap1re1s’
662 3375 714 3424 426
725 3369 842 3424 ‘lllcurt'
859 3385 994 3466 superior.
1009 3368 1140 3438 ‘scripsit’

128 3440 565 3566 struendarum
578 3439 1143 3580 rltttfiffllllarnaria

128 3583 213 3636 ducta
232 3582 365 3652 deletum,
383 3582 539 3636 recentiore
557 3598 642 3636 manu
662 3599 797 3651 superscr.
813 3582 900 3636 ‘fulti'
