2354 3946
118 152 179 217 130
345 147 501 204 VIRGILII
518 146 684 204 MARONIS
701 146 907 204 EPISTOLAE.

200 303 284 367 Sunt
270 303 402 367 tetiam
419 302 626 385 pronomina,
627 321 730 449 tquae
744 299 909 365 nonnullis
926 300 1053 366 adiecta
1068 322 1130 366 esse

116 388 249 453 eredunt
250 409 288 450 ur
310 393 381 451 utt
368 387 443 454 tulis
464 385 551 470 legat
552 406 626 450 ure
627 386 777 468 tqmolts;
800 405 881 482 quae
895 387 1020 469 primae
1035 388 1130 470 possi·

115 473 215 537 tionis
241 473 375 537 nomina
402 469 647 568 pronominibus
675 491 742 534 non
765 469 931 554 aeeidunt,
960 471 1014 534 uel
1037 493 1076 535 ex
1099 492 1130 535 eo

115 558 199 641 quod
214 557 317 622 adieet
319 578 410 621 orum
421 555 589 620 nominum
601 555 696 619 modo
708 555 872 618 declinant
858 557 911 619 tur
926 558 987 620 utt
973 556 1051 622 tulis
1062 557 1131 621 tulis

88 643 221 724 equalis
242 643 362 723 quotie,
392 662 473 725 quae
503 639 698 705 consuetudo
722 640 968 723 pronominibus
992 641 1132 704 accidere

114 749 183 792 non
209 727 304 811 solet3
336 725 518 790 declinandi
545 724 665 789 etenim
693 725 864 808 genetiuus
887 746 997 789 cassus
1020 746 1133 808 prono

115 812 238 876 minum
260 776 466 875 mirltorum
456 832 492 874 ιιι
512 811 564 875 ima
585 808 740 906 syllabam
761 810 954 873 terminatur
968 817 1003 874 et
1016 810 1135 874 nullius

114 898 149 960 in
170 899 207 962 ιι.
250 896 386 980 denique
413 895 469 978 qui
496 894 724 977 pronominum
752 896 854 958 artem
882 893 1048 975 scribunt,
1078 895 1139 958 hae

116 980 241 1045 dubitat
193 981 315 1044 ttione
344 979 501 1043 sermonis
523 979 673 1042 fiduciam
694 979 920 1062 praepediente
944 999 1069 1076 genera
1089 980 1138 1043 ιιι-

77 1091 101 1132 ιι
114 1066 227 1161 quient
228 1085 262 1128 es
289 1064 517 1146 pronominum
546 1063 630 1146 quod
652 1065 730 1126 sunt
715 1062 874 1128 teadem
901 1063 970 1128 fere
999 1064 1084 1128 siout
1106 1067 1140 1127 et

114 1148 296 1228 nominum,
325 1169 393 1211 non
423 1148 544 1211 audent
566 1146 702 1244 fidenter
724 1148 845 1231 dieere,
868 1168 995 1233 genera
1016 1169 1134 1231 prono·

114 1233 238 1297 minum
260 1233 371 1296 eadam
394 1252 474 1315 quae
497 1235 530 1296 et
550 1231 733 1315 nominum,
756 1253 829 1297 eum
851 1233 1048 1316 aplerisque
1065 1233 1136 1297 doe·

113 1317 236 1381 toribus
251 1317 384 1381 audiant
399 1336 568 1381 commune
583 1315 706 1380 duobus
719 1317 949 1400 pronominum
961 1317 1136 1401 generibus

114 1402 296 1499 legittimen
298 1423 364 1466 non
391 1400 517 1484 haberi,
546 1401 607 1465 hau
634 1422 732 1465 causa
761 1401 881 1466 eisdem
903 1400 1133 1485 adstipulante,

76 1511 100 1553 15
114 1487 199 1570 quod
222 1508 260 1551 ex
274 1486 314 1551 iis
329 1485 499 1584 praedietis
515 1485 702 1549 nominibus
709 1506 822 1569 ,quae
838 1489 914 1550 sunt
899 1487 1004 1551 etatis
1019 1487 1133 1569 quotie,

114 1571 266 1635 aduerbia
280 1592 371 1635 nasei
362 1569 516 1634 euident
503 1573 552 1633 ter
567 1570 743 1635 soleantt
707 1593 727 1634 u
728 1572 863 1636 ttuliter
877 1572 1025 1652 qualiter
1058 1571 1135 1636 lieet

115 1656 201 1721 enim
240 1677 279 1720 ex
309 1655 553 1738 pronominibus
585 1653 739 1718 aduerbia
771 1656 882 1720 uenire
916 1654 1135 1720 dieanturt
1099 1660 1135 1719 ut

113 1743 242 1808 meatim
265 1743 380 1807 tuatim
401 1741 519 1806 suatim
540 1741 709 1805 nostratim
730 1742 909 1818 uestrotim,
939 1743 1050 1804 tamen
1071 1741 1135 1804 nisi

115 1825 248 1890 adieet1s
269 1826 454 1890 nominibus
470 1825 649 1889 aduerbia
640 1847 674 1890 ιιι
693 1829 739 1890 ter
758 1823 915 1908 syllabam
931 1824 1032 1888 latine
1049 1826 1134 1889 exire

76 1937 101 1975 ιο
114 1911 176 1975 rite
204 1932 298 1994 posse
325 1915 503 2058 negantur,
534 1911 583 1974 est
611 1912 643 1974 et
671 1909 766 1973 aliam
796 1930 940 2006 capsam,
969 1930 1034 1992 que.
1055 1912 1135 1974 haee

114 1995 247 2060 nomina
280 1995 403 2060 adiecta
436 2016 477 2078 po
480 1996 543 2058 tius
575 2014 671 2077 quam
704 1993 896 2077 pronomina
929 1999 1133 2076 censeantur,

114 2081 189 2163 quia
210 2078 357 2143 neutrale
378 2100 497 2143 nomen
520 2078 555 2142 in
578 2099 593 2142 a
614 2078 786 2142 habentut
772 2079 865 2145 ttole
879 2079 980 2226 quote.
1016 2079 1057 2143 de
1071 2079 1135 2143 hiis

112 2163 356 2259 pronominibus
378 2163 431 2226 uel
452 2162 673 2226 nominibnst
659 2161 738 2225 talia
759 2161 892 2227 diota
867 2165 943 2227 srnt.

197 2246 272 2309 Alia
295 2251 372 2310 sunt
393 2247 599 2328 pronomina,
629 2266 711 2328 quae
730 2247 899 2393 §ominata
920 2251 1078 2312 uocantur
1100 2253 1136 2313 ut

74 2357 100 2398 ιι
112 2330 183 2411 qm's
198 2333 262 2412 qm',
286 2350 368 2412 quoa
382 2349 455 2414 quo,
471 2331 554 2411 quod
568 2330 662 2410 quid:
684 2352 728 2394 un
751 2352 768 2394 e
784 2337 818 2395 et
831 2354 866 2395 ιιι
883 2331 1025 2395 ablatiuo
1042 2354 1134 2396 oassu

113 2416 269 2479 hebemus
292 2436 313 2480 ιι
335 2435 395 2496 quo
418 2415 471 2478 uel
493 2436 515 2480 o
537 2415 608 2498 qm’,
632 2437 654 2480 ιι
675 2434 741 2496 quo
762 2417 815 2479 uel
837 2437 859 2481 o
881 2418 952 2499 qm‘,
975 2438 997 2482 o
1019 2418 1135 2498 quibus

113 2499 165 2564 uel
187 2521 209 2565 ιι
230 2501 309 2582 qais.
329 2500 536 2597 quibusdam
557 2502 667 2564 tamen
689 2501 867 2564 uisumt
817 2505 867 2564 est
886 2502 941 2582 qm‘
956 2500 1020 2564 alia
1035 2501 1134 2566 deeli-

112 2585 246 2648 natione
268 2584 382 2667 potiri,
405 2583 699 2648 uttribustamen
722 2584 848 2649 uieibus
869 2585 944 2649 fleot
930 2588 1053 2649 teretur
1074 2608 1134 2651 no-

112 2668 269 2765 minatiuo
284 2669 449 2752 utriusque
465 2669 591 2734 numeri
607 2672 640 2733 et
655 2669 798 2733 ablatiuo
813 2671 949 2734 totidem
939 2671 1134 2767 utriusque

74 2781 99 2822 so
112 2753 247 2817 numeri.
281 2754 431 2818 nonnulli
446 2754 647 2852 contendunt
661 2755 717 2835 qm‘
731 2755 819 2819 omni
836 2754 948 2839 generi
962 2756 1134 2855 quoaptari

112 2860 221 2922 posse,
250 2839 368 2922 quippe
390 2859 462 2903 eum
485 2839 520 2902 in
541 2838 684 2902 ablatiuo
708 2838 850 2903 dieamus
873 2861 895 2905 o
916 2842 972 2921 qui
994 2842 1083 2919 uiro,
1113 2862 1135 2906 o

180 3031 222 3081 30
240 3024 311 3083 Eae
329 3023 415 3082 Bam.
432 3027 496 3089 195,
512 3026 562 3078 21:
590 3023 728 3078 Nonnulli
745 3024 970 3079 contendunt-
989 3024 1082 3078 dioam
1099 3056 1133 3065 —

112 3092 373 3216 [irbiieiismoiliqm
390 3063 507 3146 mulier’e
526 3091 582 3144 diei
601 3091 761 3146 deberet—
774 3093 925 3162 mulierum
943 3092 992 3160 qui
1009 3092 1132 3146 nominis

180 3311 287 3364 ‘ltalit
275 3313 320 3364 tas
342 3311 376 3365 N
394 3327 462 3366 eom.
483 3311 568 3377 Mai!
592 3312 784 3368 ‘lmultarum
803 3313 838 3366 N
883 3318 914 3365 10
936 3312 1006 3380 qtuo
1022 3312 1057 3366 N
1072 3313 1082 3381 ΙΙ
1100 3316 1131 3364 14

110 3377 181 3431 haee
197 3378 250 3444 ΝΙΙ
266 3385 296 3432 19
315 3379 451 3434 adverbia
468 3379 543 3433 inter
603 3380 659 3447 1125
677 3380 814 3459 quotquid
874 3378 930 3445 l2⁷
936 3329 1128 3447 quibusdam]

111 3443 213 3512 quibus
231 3445 275 3511 N,
294 3446 433 3515 aliquibus
450 3447 515 3501 Mat
527 3447 536 3516 ΙΙ
549 3453 582 3502 31
603 3463 620 3501 ι
638 3448 714 3515 qui(
705 3453 725 3514 1
742 3463 777 3502 aa
793 3447 820 3513 a)
838 3444 877 3498 Ν
