2354 3946
461 192 509 253 ΠΙ,
536 191 584 245 DE
601 190 734 249 UERBO.
1043 193 1103 257 149

76 367 193 411 sensus
213 346 266 409 uel
284 345 456 429 explentur
470 344 523 409 uel
537 343 745 409 inmotentur.
779 345 949 428 explentur
964 344 1102 427 quidem,

78 452 152 496 cum
180 451 240 514 per
261 428 350 494 hanc
371 429 548 514 figurarum
570 429 821 511 assumptionem
843 427 1049 512 perfectiores
1071 433 1104 493 et

79 514 244 600 pleniores
272 513 451 579 redduntur
479 513 673 590 sententiae,
705 513 795 577 uelut
821 513 849 577 si
872 513 1013 577 dicamus
1035 514 1102 579 dico

78 600 223 684 perdice,
257 600 348 664 doceo
370 599 535 681 perduces,
566 598 651 679 furio
680 598 820 680 perficio.
862 599 930 663 dico
958 598 1044 661 euim
1073 600 1105 662 et

81 685 172 751 doceo
199 686 234 747 et
258 682 347 765 focio
374 682 473 747 etiam
499 682 540 746 ab
568 682 752 766 incipiendo
778 685 916 765 possunt
943 681 1103 767 intellegit
1129 698 1142 738 ⁵

85 790 156 833 curn
179 768 288 831 autem
312 767 451 833 docendi
472 769 529 831 aut
551 766 678 830 dicendi
700 769 846 850 operisue
868 766 1008 830 faciendi
1029 766 1105 830 finis

83 851 270 932 aduenerit,
292 855 371 916 tunc
379 873 406 999 p

82 956 158 1001 uero
176 957 292 1001 sensus
306 956 366 1019 per
404 957 438 999 as
454 936 721 1020 subfigurationes
735 935 894 1018 duplicem
910 937 951 1000 ob
966 956 1104 1014 oausam,

82 1021 135 1086 uel
163 1025 301 1106 propter
328 1020 572 1085 distructionem
599 1019 652 1085 uel
679 1022 811 1103 propter
838 1020 1102 1085 aedificationem.

83 1105 287 1170 distruuntur
309 1104 438 1189 quidem
460 1125 532 1169 cum
548 1104 635 1170 dicas
651 1105 767 1188 disaapo
781 1105 833 1168 uel
848 1106 1004 1185 discredo·
1026 1105 1105 1169 illud
1119 1120 1146 1158 10

85 1190 126 1255 ad
146 1190 235 1274 sepis
257 1188 518 1272 distructionem,
541 1188 602 1253 hoc
624 1188 664 1253 ad
686 1189 942 1254 incredulitatem
964 1191 1104 1274 respicit.

84 1274 296 1340 aedificantur
317 1277 425 1339 autem
446 1295 519 1339 cum
542 1273 621 1338 dicis
644 1275 769 1356 ocustpo
789 1276 822 1337 et
836 1276 999 1355 secessim
1022 1276 1105 1358 quod

85 1360 173 1424 enim
188 1358 258 1423 illie
273 1358 463 1439 distinxisti,
483 1357 537 1422 hic
552 1358 728 1423 reedificas.
761 1362 989 1442 conponuntur
1009 1361 1105 1424 etiam

85 1444 186 1509 uerba
202 1446 336 1527 propter
350 1446 525 1508 metrorum
540 1447 577 1508 ut
591 1442 727 1506 diximus
741 1445 1007 1527 conpositionem,
1023 1445 1106 1508 sicut

84 1529 120 1593 in
150 1548 249 1593 uersu
278 1527 418 1612 quodam
446 1527 561 1592 Graeci
594 1527 731 1592 oratoris
757 1527 894 1612 legimus
922 1527 984 1593 hoo
1010 1528 1104 1593 modo
1118 1542 1142 1582 1⁵

83 1610 239 1679 dicentis:
273 1612 353 1677 bellu
382 1610 550 1679 Gallorum
578 1615 638 1677 toto
666 1617 838 1677 coucmseut
863 1614 899 1677 iu
930 1613 1009 1678 orte.
1052 1613 1104 1676 hia

85 1697 171 1762 enirn
196 1716 255 1761 oon
272 1694 357 1759 nihil
371 1696 412 1760 ad
429 1717 558 1760 sensum
572 1696 709 1780 addidit,
731 1698 863 1779 propter
878 1698 960 1780 quod
976 1717 1104 1760 uersum

82 1786 212 1846 tantum
235 1780 391 1864 expleuit.
429 1779 510 1845 haec
524 1781 563 1844 de
577 1781 690 1866 figuris
706 1780 822 1844 dixisse
837 1780 991 1862 sufficiat,
1013 1802 1104 1863 prae-

82 1866 196 1931 sertim
225 1884 299 1929 curn
320 1865 357 1928 in
378 1864 589 1948 epitomarum
611 1864 775 1948 praedicto
799 1885 895 1948 opere
918 1864 1103 1950 diligentius

83 1950 122 2015 de
146 1950 168 2013 fi
194 1949 260 2014 uris
283 1948 438 2033 quaedam
460 1949 643 2014 dixerimus.
1116 1967 1141 2006 2⁰

204 2054 268 2098 nne
291 2033 332 2097 ad
353 2034 650 2100 annumerationem
665 2035 842 2098 ueniamus.
879 2034 973 2098 multi
987 2037 1106 2118 putant

83 2118 280 2202 simplicium
303 2119 493 2202 scriptorum
515 2118 599 2184 hanc
620 2119 917 2184 annumerationem
933 2120 1104 2184 uerborum

83 2203 219 2269 eandem
253 2223 323 2268 esse
357 2224 452 2287 quam
481 2206 514 2268 et
540 2225 709 2269 numerum
738 2205 837 2269 uerbo
865 2207 951 2268 inter
980 2207 1104 2288 septem

83 2290 220 2354 usitatas
248 2287 372 2372 species
399 2288 612 2372 accidentem,
639 2290 695 2354 sed
716 2309 775 2353 nos
796 2289 882 2353 hunc
904 2290 1104 2354 intellectum

82 2373 269 2439 firmissime
290 2372 492 2457 distruimus,
516 2374 589 2458 quia
610 2395 763 2438 numerus
778 2373 913 2458 simplex
928 2373 1031 2438 dualis
1046 2376 1103 2452 est,
1116 2388 1143 2428 2⁵

84 2458 264 2544 singuluris
296 2456 463 2523 dumtaxat
498 2461 531 2522 et
558 2458 707 2542 pluralis,
746 2460 969 2523 annumeratio
998 2462 1104 2523 autem

84 2564 182 2628 usque
213 2542 253 2607 ed
280 2541 446 2607 duouienti
474 2542 595 2626 species
616 2543 779 2627 peruenit:
808 2543 892 2627 quod
914 2541 1036 2607 factum
1058 2543 1104 2607 ita

85 2628 188 2693 nostri
217 2624 431 2711 intellegunt,
464 2628 540 2710 quia
566 2627 603 2690 in
629 2627 734 2712 prima
760 2626 960 2692 Hebreorum
992 2628 1105 2713 lingua

84 2711 168 2777 idem
191 2711 427 2777 elementorum
453 2712 716 2795 uoluminumque
738 2733 890 2777 numerus
912 2713 1016 2777 editus
1038 2715 1101 2777 est:

86 2797 126 2862 ob
153 2816 253 2881 quam
283 2816 414 2860 causam
436 2796 532 2861 etiam
553 2795 738 2880 philosophi
760 2798 886 2881 antiqui
908 2797 1043 2861 uerbum
1065 2817 1103 2860 ex
1116 2810 1142 2850 ³0

87 2880 254 2947 duouienti
277 2879 444 2964 speciebus
465 2881 501 2944 in
522 2903 623 2945 unum
651 2880 790 2945 ordinati
810 2884 895 2946 sunt.
932 2883 965 2944 et
985 2883 1022 2943 ut
1041 2879 1103 2944 hoc

88 2966 145 3030 tibi
172 2964 381 3031 manifestius
409 2964 576 3049 reddatur,
605 2965 748 3050 singulas
770 2986 947 3030 annumera
969 2964 1102 3046 species.

407 872 440 917 cr
459 851 655 935 conpossitio
672 851 777 915 addici
791 854 907 934 potest.
939 854 1104 914 motantur

147 3223 164 3272 2
186 3216 357 3296 tiguratrum
374 3215 408 3296 N
421 3217 431 3285 ΙΙ
450 3223 481 3271 10
503 3215 569 3270 dissi
591 3217 619 3296 o]
644 3216 708 3282 solt.
726 3216 842 3294 dissipio
861 3218 908 3284 (=
925 3213 1076 3291 dissaepiot

88 3221 1102 3420 tsuerestatutus-ituluiturculuiuuutl

88 3392 292 3498 epithemaruni
310 3417 345 3473 N
353 3419 363 3487 Ι
376 3422 409 3473 22
427 3392 592 3487 simplitium
611 3419 641 3473 N
653 3420 663 3487 l
676 3423 708 3472 24
725 3417 886 3473 intellectus
904 3417 933 3472 N
951 3431 1019 3472 corr.
1065 3418 1103 3485 ai,

87 3488 138 3543 usi
151 3487 238 3543 mulis
253 3486 323 3540 hine
341 3486 486 3542 mendara
497 3488 507 3556 Ι
520 3487 685 3542 excedatur
702 3485 740 3543 N.
