2354 3946
122 198 166 265 98
403 198 465 256 VH.
490 196 618 253 PASSIO
639 196 856 254 3113113551.

51 377 105 428 535
123 360 275 445 Ρ335ο53,
298 362 443 428 laetitiae
465 361 565 446 vulgo
589 359 786 445 splendescit
808 360 930 446 imago.

124 451 214 515 Talis
239 455 310 515 erat
332 451 473 528 habitus,
496 472 568 515 oum
592 449 739 513 membra
761 449 889 514 levaret
912 449 954 514 ab
978 451 1046 515 imo

124 538 261 605 Pulvere
285 540 460 604 commixto
483 537 607 622 passim
630 536 738 603 fluviis
762 538 940 603 oculorum.

124 625 227 713 Signa
250 629 354 693 crucis
377 630 454 711 post
475 626 565 691 53353
587 647 686 690 manu
710 647 744 689 se
766 625 893 690 visibus
917 625 1016 691 offert

123 716 315 799 Mirantum,
338 716 429 781 cuius
453 715 577 800 species
599 713 756 796 pascebat
779 713 887 798 opime
1147 736 1169 775 r:

52 820 106 872 313
126 804 281 889 Obtutus3
303 827 380 869 nam
405 804 507 868 dulcis
530 805 600 866 erat
624 805 802 888 gratusque
824 802 969 886 popello,

125 891 186 968 Qui
211 893 332 958 circum
355 892 483 976 ingenti
506 893 644 956 steterat
667 910 838 954 succensus
861 912 983 957 amore.

466 1047 508 1101 De
527 1047 704 1117 susceptione
723 1045 791 1102 eius.

123 1156 207 1220 Ecce
232 1157 327 1237 pater
349 1158 525 1238 pastorque
547 1154 621 1238 pius
645 1155 788 1239 clerique
811 1156 956 1238 caterva,

123 1241 275 1326 Hospitis
299 1242 473 1307 adventum
496 1243 583 1307 tanti
606 1264 679 1308 cum
702 1243 791 1308 fama
813 1242 951 1308 referret

123 1331 268 1396 Auribus
292 1331 425 1396 arrectis
448 1335 574 1396 mentes
599 1331 775 1416 aridasque
798 1335 956 1414 moveret,

52 1437 104 1488 345
124 1420 221 1486 Ocius
245 1421 412 1485 assistunt.
450 1416 538 1495 Quos
563 1420 706 1485 concitat
729 1420 864 1484 intimus
889 1419 987 1484 ardor

123 1509 272 1595 Visendi,
296 1531 390 1594 quem
415 1509 597 1594 suscipiunt
619 1511 813 1591 reverenter,
836 1507 1026 1591 adelphum.

124 1598 245 1664 Oscula
267 1597 427 1682 porrectis
452 1597 619 1683 configunt
642 1596 750 1661 dulcia
772 1596 875 1660 labris

123 1687 291 1771 Exterius3
314 1690 425 1751 tamen
447 1686 583 1750 interius
607 1684 663 1768 pia
685 1685 811 1749 viscera
833 1684 977 1768 flagrant

124 1773 284 1840 Cordibus
309 1776 504 1840 alterutrum
527 1772 703 1857 complexis
727 1794 824 1858 seque
848 1773 1004 1838 salutant.

52 1879 104 1929 350
123 1863 218 1929 Unde
241 1864 292 1948 fit,
313 1868 352 1928 ut
375 1867 500 1928 mentes
523 1884 657 1947 operum
680 1861 806 1927 ratione
828 1860 1004 1928 nitescant.

532 2018 574 2073 De
592 2017 722 2073 lectione.

124 2128 214 2193 Tunc
237 2128 360 2211 primas
383 2128 510 2209 animis,
534 2127 682 2191 convivia
706 2126 825 2208 dulcia,
848 2121 980 2194 mensas

122 2215 258 2280 Admoti
281 2216 405 2279 codices
429 2218 577 2279 statuunt
600 2214 793 2295 documenta
815 2213 957 2279 ferentes

124 2303 260 2367 Divinae
282 2302 376 2387 legis,
400 2322 481 2384 quae
504 2301 653 2386 perfovet
676 2302 855 2368 esurientes

123 2389 252 2474 Datque
276 2390 375 2474 dapes
399 2389 499 2453 mirae
524 2389 710 2475 dulcedinis,
735 2413 829 2455 omne
853 2391 999 2456 ciborum

51 2493 103 2544 355
124 2477 212 2553 Quae
236 2480 391 2563 superant
414 2481 536 2563 nectar,
559 2481 703 2543 crateras
725 2501 827 2543 necne
850 2479 1019 2545 ministrat

123 2567 259 2631 Exustis
282 2567 397 2632 ardore
421 2567 495 2632 sitis
518 2567 663 2632 carnalia
685 2589 818 2652 prorsus

123 2655 244 2720 Pocula
267 2656 432 2721 vincentes
456 2657 639 2722 animarum
661 2655 808 2721 funditus
833 2660 959 2722 aestum

124 2743 174 2808 Ad
198 2744 465 2828 restinguendum
491 2745 683 2830 suppletque
708 2745 817 2809 suavis
841 2750 1006 2829 utrosque.

122 2831 242 2897 Pastor
265 2833 319 2897 ovi
343 2831 460 2917 dignus
483 2834 626 2917 primum
649 2837 745 2914 parat
767 2833 833 2897 ista
856 2838 1003 2919 repertae

50 2936 105 2986 333
123 2919 248 2985 Pascua
271 2923 448 3004 gratanter,
471 2921 588 3003 quibus
612 2920 789 2985 informate
813 2922 921 3005 quiete
1155 2954 1169 2994 f,

123 3008 277 3074 Vescitur
300 3011 414 3092 optata
435 3007 604 3091 nimirum,
630 3030 728 3091 quam
751 3009 804 3072 via
827 3010 922 3074 valde

194 3205 247 3255 335
272 3198 403 3254 ‘letitiae'
483 3203 535 3252 336
560 3197 698 3254 ‘menbra’
780 3204 832 3253 338
858 3198 953 3253 535355’
930 3200 1140 3258 5315353555

123 3286 260 3338 superscr.
332 3276 385 3325 343
409 3267 598 3324 ‘reuertentur’
614 3269 701 3391 tprior
727 3268 825 3323 littera
850 3272 864 3323 t
889 3285 980 3337 erasa,
1009 3275 1137 3328 extrema

122 3340 232 3409 syllaba
252 3358 302 3413 per
320 3337 516 3409 compendium
540 3337 593 3394 sori
614 3338 646 3391 ta
670 3339 759 3393 ‘adelf
758 3339 816 3394 um’
892 3344 943 3392 357
964 3339 1134 3399 ‘vincentes’

121 3428 177 3468 333
201 3430 238 3468 rn.
263 3428 398 3482 supersor.
423 3411 611 3465 5353535331
600 3407 657 3464 1’33
742 3415 793 3464 360
818 3409 984 3505 ‘protecter'
1010 3417 1057 3467 ext
1058 3431 1137 3470 rema

122 3482 234 3551 syllaba
264 3500 315 3553 per
347 3482 543 3552 compendium
575 3476 681 3547 scripta
710 3477 883 3535 ‘informata’
909 3492 962 3530 sec.
986 3497 1024 3534 m.
1049 3484 1133 3540 ‘ovis’

122 3570 259 3626 superior.
314 3553 494 3624 361‘quam’
515 3568 624 3609 333511.
645 3548 749 3603 ‘orem’
770 3566 905 3621 superscr.
