2354 3946
72 188 137 252 160
385 185 433 242 lx,
460 183 547 240 VITA
571 183 597 239 S.
617 182 770 239 GISLENI.

71 349 229 414 Indicium
252 346 392 414 volucris
416 347 504 412 deice
527 349 619 429 patet
643 344 862 430 advolitantis,

72 437 202 503 Scilicet
224 438 286 501 hac
310 436 438 519 aquilae
462 440 556 520 grata
577 435 723 500 novitate
746 434 938 518 morandum

72 526 141 592 Nec
165 525 351 591 adventitiis
375 524 526 589 fortunae
550 522 660 589 dedita
682 523 799 606 causis,

74 614 136 680 Sed
159 637 216 699 pro
241 617 328 679 sorte
351 635 483 697 precum
508 612 584 676 dare
607 616 679 677 tum
703 613 855 677 contenta
879 612 1038 678 ducatum

1 721 54 769 270
73 702 223 788 Remigio
248 703 373 766 alarum
398 701 484 786 regit
506 702 540 765 in
564 699 720 765 condevia
744 702 902 765 sanctum.

74 790 100 856 0
126 791 221 855 decus
246 790 412 869 eximium,
437 788 540 874 signis
564 788 650 873 quod
674 791 803 852 constat
826 788 1018 855 adauctum!

8 931 17 952 .
73 879 100 945 0
125 901 223 962 quam
245 878 462 963 hieroprepen
485 876 659 942 virtutibus
683 875 735 941 bis
758 875 958 961 maritalem,
1086 880 1091 890 '

73 966 154 1032 Cum
178 967 299 1030 virtute
323 988 382 1031 sua
405 965 495 1030 cuius
519 965 596 1030 dens
618 964 738 1029 imbuit
761 986 819 1029 ora

72 1056 182 1139 Atque
206 1059 358 1118 monente
381 1052 490 1136 Petro,
515 1053 570 1136 qui
594 1053 780 1137 suspirabat
802 1052 838 1119 iu
861 1053 944 1138 ipso,

2 1159 54 1209 275
73 1141 123 1206 Ne
148 1163 218 1206 sese
241 1142 362 1206 nostris
386 1140 530 1204 differret
554 1140 681 1206 tradere
706 1140 827 1206 Gallisl

73 1229 168 1294 Nunc
191 1230 313 1293 etenim
337 1251 395 1312 per
419 1250 512 1294 avem
536 1229 800 1314 conglorificatur
823 1233 857 1292 et
878 1229 983 1315 idem,
1093 1289 1095 1292 ,

75 1316 185 1382 Gallia
208 1318 340 1381 lucerna
361 1338 403 1380 ne
427 1320 609 1381 cassaretur
632 1317 674 1381 ab
697 1318 772 1382 ista.

73 1406 208 1471 Visibus
231 1405 308 1471 hinc
331 1405 399 1470 eius
423 1409 591 1490 pastorum
615 1405 744 1470 eredere
767 1408 889 1470 coetus:

76 1495 199 1560 Causas
224 1516 300 1560 aure
323 1495 441 1559 bibunt
462 1494 636 1578 semenque
659 1493 830 1577 probabile
853 1493 1006 1561 reddunt.

5 1598 57 1650 280
76 1584 180 1651 Ursae
204 1584 321 1649 techna
345 1583 450 1667 datur,
473 1605 536 1667 quo
561 1604 595 1646 se
618 1581 704 1646 ferat
728 1603 829 1666 aeque
852 1586 993 1650 notatur

74 1671 340 1756 Monstraturque
363 1673 453 1736 locus
478 1671 648 1736 dumorum
671 1672 828 1754 grandine
851 1693 998 1757 pressus,

75 1760 165 1825 Tunc
188 1759 411 1845 Ursidongum
433 1760 525 1824 novit
548 1781 645 1843 quem
668 1758 777 1824 Gallia
800 1758 939 1844 dictum,

74 1849 137 1913 Hic
160 1849 314 1934 quoniam
336 1848 422 1913 fetas
446 1851 656 1933 congesserat
679 1869 755 1912 ursa
778 1852 922 1933 suaptas.

75 1936 166 2003 Haec
190 1938 246 2002 ubi
269 1937 356 2002 dieta
378 1940 481 2019 tenet,
503 1957 570 2002 non
593 1958 627 2001 ae
651 1936 854 2001 committere
878 1936 989 2002 differt
1111 1997 1144 2036 Η

4 2042 56 2091 285
74 2025 249 2091 Praesuleo
274 2025 396 2091 domini
420 2025 516 2110 digne
540 2023 736 2089 constrictus
761 2024 865 2089 amori
1107 2027 1144 2107 cu

75 2114 233 2178 Lustrans
257 2117 355 2197 atque
379 2114 487 2177 locum
511 2112 663 2197 raptricis
686 2110 832 2176 venitin
857 2116 999 2179 antrum.

75 2200 144 2266 Nec
166 2223 271 2265 mora:
295 2201 436 2265 sidereas
461 2222 495 2265 se
519 2200 653 2264 sustulit
676 2201 744 2264 ales
767 2200 802 2264 in
826 2222 922 2265 auras
973 2196 978 2205 ’

75 2291 125 2352 Ac
148 2290 177 2351 si
200 2287 326 2371 divinis,
350 2308 431 2370 quae
454 2287 605 2370 praebuit
629 2288 751 2371 omnia,
774 2288 882 2353 iussis.

74 2375 169 2439 Palla
191 2374 306 2440 dehinc
330 2376 431 2439 vestis
456 2398 553 2460 quam
577 2376 747 2460 splendida
770 2376 966 2461 pontificalis

6 2481 57 2533 290
76 2465 195 2530 Illaeso
218 2464 347 2529 tunicae
371 2465 494 2548 specics
517 2468 569 2530 est
591 2466 663 2530 visa
686 2465 815 2530 decoret

77 2553 180 2628 Quam
204 2575 294 2618 sacer
318 2575 356 2618 ex
379 2558 458 2620 voto
482 2554 583 2620 sumit
606 2553 736 2618 deitatis
761 2554 853 2637 asylo

75 2641 144 2726 Ipsi
168 2641 253 2706 mela
275 2665 403 2722 canens,
426 2645 526 2709 verbo
551 2644 607 2729 qui
631 2643 769 2708 sustinet
792 2643 913 2708 orbem.

75 2730 160 2796 Hinc
183 2730 268 2816 fugit
290 2754 368 2797 ursa
389 2733 497 2798 locum
521 2732 627 2799 sancti
650 2733 711 2796 sub
734 2752 811 2797 voce
836 2733 990 2815 suaptum

147 2982 200 3030 268
216 2974 375 3029 ‘Indicium’
388 2989 422 3028 ex
438 2973 598 3028 ‘Iudicium’
616 2977 771 3028 correctum
787 2972 993 3030 ‘aduolltantis’
1010 2972 1091 3044 prins

75 3045 139 3101 iex
162 3063 180 3100 a
203 3044 383 3101 emendatum
445 3049 498 3098 288
520 3043 638 3098 ‘dedita’
660 3060 796 3113 superscr.
818 3047 851 3100 ‘a
871 3045 979 3100 sancto'
1036 3051 1090 3100 289

78 3117 232 3186 ‘praecum’
299 3121 351 3171 272
373 3114 560 3184 ‘ieroprepen'
626 3119 679 3169 278
699 3115 835 3170 ‘credere’
856 3133 993 3184 superam.
1015 3115 1090 3171 ‘bat’

77 3187 196 3241 ‘caetus’
262 3193 314 3241 279
342 3186 416 3243 iuter
439 3185 555 3239 ‘famen’
581 3185 610 3237 et
634 3184 711 3252 ‘que'
737 3186 792 3240 duo
816 3185 862 3240 vel
889 3192 946 3240 tres
974 3184 1091 3247 litterae

77 3273 173 3312 erasae
193 3257 258 3311 sunt
303 3261 355 3312 289
367 3256 478 3325 ‘aeque’
494 3256 660 3322 atramento,
679 3257 712 3308 ut
726 3256 815 3311 oculis
829 3256 876 3311 vix
896 3255 972 3311 carni
990 3257 1091 3326 possit,

77 3328 298 3398 superscriptum
313 3328 365 3381 ‘at’
418 3331 469 3381 281
487 3325 638 3396 ‘praeseus'
695 3331 746 3381 283
768 3327 879 3381 ‘foetas’
938 3332 990 3381 284
1011 3327 1091 3382 ‘con-

76 3398 200 3453 mittere’
252 3404 304 3453 288
321 3398 372 3452 ‘Ac
391 3398 425 3453 si’
442 3413 577 3466 superscr.
594 3396 697 3466 ‘quasi'
720 3396 854 3466 ‘prebuit'
907 3402 959 3451 289
976 3398 1088 3454 ‘uestis'

77 3483 144 3522 oex
164 3487 181 3524 a
199 3469 380 3524 emendatum
435 3474 487 3524 290
507 3466 621 3523 ‘Inleso'
644 3467 769 3536 ‘spetiei'
821 3473 872 3521 291
891 3467 983 3522 ‘asilo’
1036 3474 1090 3524 292

80 3536 193 3593 ‘maela'
216 3540 323 3595 ‘caena’
344 3540 437 3609 priore
455 3558 475 3594 n
493 3539 597 3594 omisso
616 3538 736 3594 seribere
754 3538 886 3592 librarius
906 3537 1073 3595 instituerat
