2354 3946
128 203 190 266 174
356 199 510 255 VIRclun
528 199 694 256 MARONIS
711 198 923 258 EPISTOLAE.

127 375 224 438 quam
254 353 426 418 necessarii
453 356 586 436 propter
613 353 754 438 tegenda
780 353 927 417 misteria
955 357 988 419 et
1013 361 1149 439 propter

126 439 380 522 experimentum
403 437 565 502 docendae
585 436 679 501 huius
694 437 875 502 latinitatis.
914 437 992 502 haec
1007 441 1047 504 de
1062 440 1149 505 inus-

126 525 230 589 sitatis
251 522 544 607 praepositionibus
560 521 646 586 dicta
660 521 839 602 sufficiant3
862 543 950 588 nunc
963 523 1004 588 ad
1018 530 1148 589 nostras

127 608 292 673 redeamus
314 628 397 690 quae
419 607 454 670 in
475 628 534 671 usu
557 627 682 690 semper
704 611 789 671 sunt.
946 685 950 689 ι

100 721 112 760 5
211 691 309 757 Nulla
331 691 526 776 praepositio
548 690 659 755 debuit
678 692 714 754 in
735 690 883 769 dfinire,
905 691 970 756 nisi
985 693 1071 776 quod
1084 714 1148 757 nos

125 777 298 842 necessitas
321 777 410 862 cogit
437 775 718 840 discernendorum
739 775 848 859 utique
870 775 1023 841 fenorum
1046 779 1146 842 maio-

124 883 196 926 rum
225 863 306 926 scita
333 860 525 945 transgredi.
561 881 638 924 narn
661 860 735 943 quia
756 859 946 924 aduerbium
967 863 1147 926 interire

126 947 339 1011 certissimum
363 949 411 1009 est
433 946 485 1009 uel
508 944 777 1022 coniunctionem,
807 952 845 1008 ut
866 946 918 1024 ad,
942 947 1090 1031 cogimur
1111 948 1146 1010 in

124 1030 360 1114 praepositione
389 1028 570 1095 adscribere
598 1050 656 1112 per
677 1029 706 1093 d.
744 1050 818 1092 nam
841 1034 877 1094 ut
897 1029 1071 1113 aliquoties
1093 1032 1146 1095 ad·

87 1143 109 1182 ιο
123 1114 269 1178 uerbium
296 1113 449 1196 temporis
476 1117 525 1177 est
550 1114 745 1196 praesentis,
777 1114 868 1177 iuxta
899 1113 981 1178 illud
1009 1113 1145 1200 Uirgi·

123 1199 290 1263 lianum:
319 1203 354 1263 ot
373 1199 491 1280 perpete
512 1199 556 1263 ud
571 1198 813 1280 proeliandum,
842 1197 877 1261 id
898 1207 949 1262 est
968 1217 1052 1265 nuuc
1066 1221 1144 1282 per-

120 1285 192 1366 pite.
231 1286 310 1364 aput
339 1286 447 1346 autem
469 1303 527 1365 per
549 1287 562 1345 t
582 1303 709 1365 semper
730 1281 828 1346 scribi
851 1281 963 1347 debet:
989 1281 1044 1346 se'd
1066 1285 1144 1366 quia

123 1367 211 1449 opud
231 1388 350 1431 nomen
371 1366 523 1431 scribitur
543 1366 690 1431 neutrale
711 1366 793 1451 ligni
812 1365 938 1432 scilicet
954 1365 1054 1449 illius,
1077 1389 1143 1451 quo

122 1451 287 1517 tundenda
314 1472 457 1536 quaeque
485 1451 539 1516 uel
560 1454 665 1515 terrae
688 1450 874 1515 iniectanda
896 1451 1069 1530 feriuntur,
1097 1452 1143 1516 id-

84 1567 109 1608 15
123 1537 206 1602 circo
230 1542 308 1620 aput
328 1558 386 1620 per
407 1538 429 1601 d
449 1536 588 1600 scribere
610 1536 758 1601 solemus.

206 1620 296 1686 Inter
318 1623 363 1687 cis
385 1626 418 1686 et
439 1623 520 1687 citro
541 1619 602 1684 hoc
624 1619 776 1704 interest,
800 1619 886 1702 quod
907 1621 953 1685 cis
974 1619 1015 1684 ad
1036 1621 1144 1704 proxi-

122 1707 256 1770 miorem
278 1707 468 1790 interposito
490 1706 656 1770 dumtaxat
677 1708 787 1768 monte
809 1704 862 1769 uel
883 1703 1034 1787 flumine,
1062 1707 1144 1772 citra

121 1812 199 1856 uero
228 1791 267 1855 ad
296 1792 476 1876 longiorem
503 1791 645 1874 pertinet
672 1789 792 1866 locum,
823 1788 909 1852 unde
939 1792 972 1854 et
993 1791 1144 1854 citeriora

122 1881 155 1940 et
182 1876 332 1960 longiora
363 1876 521 1941 dicuntur.
558 1880 650 1941 trous
676 1895 751 1939 uero
774 1871 814 1938 ad
835 1877 1007 1957 utrumque
1029 1875 1143 1938 referri

6 2006 12 2022 .
83 1994 109 2031 20
122 1964 241 2044 potest,
265 1961 342 2025 licet
363 1960 576 2043 motabiliter,
599 1958 661 2024 hoc
684 1963 732 2022 est
747 1961 781 2022 in
796 1957 937 2022 transitu
951 1962 1083 2023 tantum
1098 1960 1143 2023 sic

122 2045 307 2127 accipiatur.
343 2066 418 2108 nam
448 2045 639 2127 quicumque
667 2043 807 2107 scribere
835 2042 889 2106 uel
916 2043 1016 2107 etiam
1038 2043 1143 2109 dicere

121 2129 240 2192 audent
280 2130 403 2210 aliquos
439 2129 597 2194 habitasse
633 2132 725 2192 uuus
759 2148 864 2208 more,
908 2147 975 2192 non
1013 2127 1143 2193 incaute

119 2215 247 2274 tantum
270 2211 325 2275 sed
347 2211 484 2294 pessime
507 2233 543 2275 ac
565 2212 805 2293 peruersissime
826 2212 949 2276 dicunt.
984 2213 1033 2276 ita
1055 2213 1142 2277 enim

40 2293 45 2302 “
120 2295 218 2358 ordiri
240 2295 335 2359 debet
358 2295 568 2377 sententiam,
590 2300 627 2358 ut
649 2295 774 2359 dicatur
795 2301 887 2362 mous
906 2315 997 2362 mure
1016 2298 1144 2362 uadunt

80 2411 105 2449 rs
119 2379 171 2443 uel
192 2381 343 2459 ueuiuut;
370 2379 517 2445 babitaret
539 2383 644 2445 autem
668 2381 715 2448 cis
735 2400 824 2445 mure
844 2381 896 2445 uel
916 2383 1011 2448 aaa.
1055 2383 1142 2446 inter

117 2465 204 2530 ultra
227 2467 259 2527 et
281 2466 362 2531 citra
384 2485 449 2528 non
472 2484 571 2548 parua
594 2463 749 2528 distantia
764 2469 827 2528 est:
849 2485 926 2528 nam
941 2467 1026 2532 eitra
1041 2466 1141 2531 etiam

118 2549 238 2613 montis
267 2550 319 2612 uel
345 2548 488 2612 fluminis
515 2549 686 2613 interiectu
714 2548 777 2612 dici
799 2551 921 2632 potest3
950 2550 1041 2617 ultra
1062 2572 1140 2616 uero

117 2633 156 2697 ad
190 2633 304 2696 ultima
338 2634 390 2697 uel
421 2634 636 2698 remotissima
668 2633 741 2696 loca
773 2633 826 2697 uel
857 2632 985 2698 deserta
1014 2655 1142 2719 semper

117 2717 265 2782 refertur.
302 2719 390 2782 inter
419 2720 534 2800 ubsque
563 2722 596 2782 et
623 2719 692 2783 siue
719 2715 804 2781 hanc
825 2722 951 2783 ueteres
973 2719 1142 2802 ponebant

80 2833 104 2874 ³0
119 2803 358 2882 discretionem,
397 2803 480 2885 quod
512 2805 580 2868 siue
612 2823 739 2886 semper
771 2802 806 2865 in
839 2803 959 2868 bonam
991 2803 1142 2869 ferebant

118 2895 256 2974 partem,
279 2889 395 2969 ubsque
411 2890 517 2952 autem
532 2889 567 2952 in
582 2887 715 2971 malam,
736 2888 1005 2968 mememorato,
1023 2889 1141 2972 absque

117 2975 286 3057 supientia.
320 2972 375 3037 sed
397 2971 459 3036 hoc
482 2971 765 3037 obseruamentum
786 2972 946 3055 utrimque
967 2973 1140 3038 confusum

118 3065 176 3123 est.
213 3080 280 3122 non
309 3061 416 3122 autem
443 3057 521 3121 satis
544 3061 666 3122 certum
688 3059 739 3120 est
760 3059 944 3120 utrumnam
966 3061 1140 3142 utrumque

117 3150 251 3226 utroque
274 3142 337 3207 dici
360 3141 463 3226 possit
483 3142 594 3225 modo,
618 3164 659 3205 an
682 3141 790 3224 potius
813 3141 1008 3222 scriptorum
1032 3162 1140 3208 errore

184 3369 199 3416 3
218 3361 315 3416 nostrie
329 3361 363 3416 N
372 3364 409 3430 117
428 3365 456 3416 tc
475 3361 508 3415 N
517 3362 526 3428 ΙΙ
540 3367 570 3414 11
591 3376 623 3414 ac
642 3359 676 3414 N
690 3375 759 3415 corr.
777 3360 841 3414 Mae·
853 3362 907 3437 {1¹18
925 3359 1065 3414 ceteriora
1083 3359 1118 3414 N
1133 3361 1138 3428 Ι

115 3428 430 3562 {pupeqqqqeffipauca
448 3430 508 3484 Mai
520 3431 530 3496 ΙΙ
543 3435 574 3483 31
595 3429 639 3498 ut]
660 3431 690 3482 et
707 3427 741 3481 N
750 3430 759 3495 ΙΙ
772 3434 806 3482 34
823 3429 990 3495 scriptorum
1010 3431 1041 3494 (u
1059 3445 1095 3483 es
1112 3444 1127 3482 e
