2354 3946
347 205 405 262 Vll.
433 204 559 262 PASSIO
579 206 605 264 S.
624 206 794 266 ARNULFI.
1034 211 1075 276 91

55 368 113 442 ,Ac
135 366 213 432 licet
236 367 298 433 hoc
322 367 432 434 dicant
453 368 618 453 nonnulli,
641 369 728 454 quod
751 370 863 436 trahat
887 372 927 438 ad
951 395 985 438 se

62 456 208 521 Pectoris
231 455 375 522 inclusas
399 456 506 522 carnis
530 458 695 541 corruptio
719 457 813 524 vires.

10 563 43 612 ³5
62 546 131 611 Iste
154 550 265 610 tamen
288 544 382 609 Pauli
406 545 546 630 vestigia
569 544 631 610 rite
654 546 743 611 beati

65 633 224 717 Sectatur,
248 633 303 720 qui
326 636 403 699 tunc
428 655 497 698 sese
521 635 593 718 plus
616 656 711 718 posse
730 635 864 719 fatetur,

64 722 146 788 Cum
169 721 268 786 nimis
292 724 445 787 atteritur
467 722 661 806 graviusque
684 745 743 807 per
766 746 882 810 aspera
904 724 1018 791 fertur.

64 810 182 877 Omnia
205 810 375 876 devincens
400 810 619 894 supereminet
642 811 875 895 impedimenta
1096 815 1102 823 ’“

64 900 200 964 Artibus
223 900 413 964 incumbens
437 898 566 983 apicum
589 899 770 983 puerilibus
794 901 898 984 annis,

11 1005 44 1053 4ο
63 988 103 1052 In
126 988 243 1072 quibus
266 988 353 1053 haud
377 987 538 1053 modicum
562 1009 597 1051 se
620 989 764 1053 exercuit
786 989 973 1074 ingeniosos

62 1075 271 1161 Exsuperans
295 1098 408 1141 omnes
432 1074 530 1139 etiam
556 1075 619 1139 sibi
643 1078 855 1143 consociatos.

63 1164 270 1248 Quapropter
292 1169 424 1230 tenerae
448 1163 523 1228 dum
547 1167 695 1248 tempora
718 1187 845 1231 currere
868 1167 956 1232 vitae

63 1251 170 1319 causa
193 1257 298 1338 petat,
324 1253 407 1317 nulli
431 1274 465 1317 se
489 1252 675 1317 commodat
696 1254 915 1340 improbitati,

62 1339 125 1405 Sed
148 1363 246 1406 canos
270 1341 405 1408 modicis
429 1362 535 1405 mores
560 1341 743 1408 conformat
766 1344 800 1407 in
823 1344 925 1408 annis.

11 1447 44 1495 45
63 1429 155 1494 Tunc
177 1431 292 1495 studiis
316 1429 424 1513 coepit
448 1429 598 1494 certatim
621 1428 746 1496 fervere
770 1432 892 1497 sanctis

61 1518 206 1604 Legibus
229 1519 418 1584 incumbens
442 1517 561 1582 divinis
583 1522 679 1583 nocte
702 1519 826 1604 dieque,

62 1607 150 1684 Quas
174 1607 242 1673 eius
266 1609 379 1672 sitiens
403 1607 538 1671 ardebat
561 1609 657 1689 parta
679 1608 840 1672 voluntas.

62 1696 200 1760 Arboris
222 1700 260 1761 ut
282 1697 423 1780 lignum,
446 1692 533 1779 quod
555 1695 661 1759 nutrit
683 1717 795 1760 cursus
820 1718 992 1781 aquarum,

60 1784 164 1849 Poma
188 1806 245 1849 suo
268 1784 415 1848 tribuens
438 1783 642 1865 intempore
665 1783 772 1866 mitia,
796 1784 968 1867 pulchrum
1092 1800 1151 1849 rr*

12 1889 43 1938 oo
62 1871 237 1938 Constabit
259 1873 374 1938 folium
398 1872 464 1950 cui,
488 1891 615 1954 semper
637 1893 794 1956 prospera
817 1872 944 1937 cedent:

62 1961 201 2026 Actibus
224 1962 259 2026 in
283 1960 408 2027 cunctis
431 1960 479 2023 ita
503 1981 572 2024 sose
595 1959 658 2024 rite
681 1961 816 2043 gerebat

61 2049 124 2114 Hic
146 2049 282 2135 iuvenis,
306 2049 363 2134 qui
385 2069 503 2112 nomen
528 2052 598 2112 crat
620 2048 780 2114 bonitatis
805 2049 951 2135 adeptus,

60 2137 212 2203 Innocuis
235 2138 396 2219 manibus,
421 2136 540 2200 mundo
565 2158 693 2221 quoque
716 2138 856 2220 pectoris
881 2141 985 2221 antro,

61 2224 125 2303 Qui
147 2228 238 2292 vanis
262 2228 406 2291 animam
429 2223 596 2310 propriam
619 2247 686 2291 non
708 2227 849 2291 contulit
872 2249 1023 2313 usquam,

11 2331 42 2381 33
60 2313 130 2380 Nec
152 2315 208 2400 pia
230 2316 344 2402 lingua
368 2313 461 2379 dolos
484 2312 552 2377 eius
576 2314 721 2380 iactabat
745 2316 868 2380 amicis.

61 2403 202 2487 Propter
223 2403 286 2468 hoc
309 2402 373 2489 ipsi
395 2401 529 2466 dabitur
550 2402 733 2468 benedictio
757 2402 892 2482 Christi,

61 2491 107 2556 Et
130 2492 280 2557 dominus
298 2490 390 2555 Iesus
413 2490 547 2575 plenum
570 2491 776 2556 miserebitur
799 2493 861 2576 illi,

60 2579 108 2645 Ut
132 2578 235 2645 Samii
256 2581 362 2645 bivios
386 2577 526 2644 evaserit
549 2580 671 2664 optime
694 2601 803 2644 ramos
848 2593 851 2602 ’

61 2667 159 2734 biber
182 2674 215 2734 et
238 2670 273 2734 in
296 2667 420 2732 dextris
444 2687 478 2730 se
502 2668 682 2751 strinxerit,
697 2670 741 2740 ,ut
764 2667 928 2732 frueretur

10 2773 42 2823 so
60 2756 184 2823 Maiore
207 2758 338 2844 ingenio
362 2755 519 2820 virtutum
541 2755 658 2821 robore
680 2755 772 2820 fixus.

101 2913 157 2968 Ubi
175 2916 289 2969 sanctus
310 2913 452 2984 Remigius
471 2909 679 2968 commendavit
697 2928 761 2966 eum
780 2910 943 2966 chlodoveo
961 2911 1030 2981 regi.

61 3018 199 3086 Sanctus
223 3023 391 3109 Remigius
414 3021 581 3105 baptizato
605 3018 800 3106 Chlodoveo,

61 3107 144 3196 Regi
168 3111 342 3197 magnifico
368 3110 548 3175 bellantum
572 3108 861 3194 Francigenarum,

133 3289 184 3339 133
206 3284 267 3339 ‘At'
288 3301 304 3338 c
323 3299 459 3353 superscr.
525 3287 575 3336 136
592 3282 663 3350 ‘qui’
685 3298 739 3336 sec.
761 3300 798 3336 m.
815 3282 916 3336 ‘Part’
938 3299 1073 3353 superscr.

64 3359 114 3409 137
132 3354 163 3408 in
185 3356 313 3424 margine
333 3353 504 3424 ‘perfectius’
563 3359 612 3406 141
635 3351 819 3422 ‘Exuperans’
843 3352 879 3407 ‘et
896 3353 964 3407 icm'
1024 3360 1073 3409 143

64 3423 163 3496 ‘cepit'
236 3431 286 3481 143
307 3424 384 3495 ‘an
410 3424 493 3480 acnic’
565 3429 615 3478 149
640 3423 790 3494 ‘pulcrum’
864 3429 914 3478 137
935 3423 1072 3493 ‘plenum’

61 3510 117 3550 sec.
136 3514 173 3552 m.
194 3497 294 3566 ‘usque
317 3496 354 3550 ad
377 3495 507 3550 mortem'
529 3510 664 3564 superscr.
726 3494 990 3560 158faamubiuioa'
1013 3495 1076 3552 ‘ob-

60 3563 140 3623 time'
199 3574 250 3623 130
271 3567 380 3636 ‘ficum’
