2354 3946
16 267 19 276 Ι
122 186 166 252 56
363 187 396 246 r.
425 185 579 244 orama
597 185 645 242 on
665 187 692 243 s.
707 184 897 254 cerauno,

124 349 214 426 Quae
238 348 437 416 Samarobrii
460 372 579 416 nomen
600 349 786 434 nuperrime
808 347 954 433 priscum

124 436 289 522 obtinuit,
312 439 369 504 sed
391 460 477 504 nunc
500 441 629 505 mutato
652 437 783 504 nomine
806 439 917 504 musto

123 525 253 592 Dicitur
277 527 457 592 Ambianis.
498 526 572 593 Illic
595 527 721 592 invenit
743 524 880 592 eundem

125 614 317 691 Quintinum
339 616 446 681 turbis
470 613 595 681 Christi
617 613 783 700 magnalia
806 615 933 680 cunctis

54 720 107 770 125
125 703 334 769 Promontem
358 704 476 789 verbis,
499 704 632 769 dantem
655 704 816 769 solamina
836 701 946 789 fessis,

124 791 292 879 Dogmata
315 791 519 859 Christicolis
543 796 744 858 reserantem
768 813 887 857 arcana
909 793 1089 861 modernis.

125 880 229 957 Quem
248 904 376 966 quoque
395 881 574 966 corripiens
598 885 804 946 mansuetum
822 902 881 946 ceu
902 881 1002 967 lupus
1022 903 1136 971 agnum

124 967 244 1035 Vincla
266 971 357 1054 prius
380 969 471 1054 ferri,
493 974 571 1052 post
594 969 733 1035 carceris
757 968 840 1033 atria
863 970 955 1035 saevi

126 1055 299 1142 Suggessit
320 1078 452 1141 praeses
476 1059 619 1141 suscepit
643 1063 676 1123 et
699 1057 810 1123 omnia
832 1057 938 1124 miles.

54 1161 106 1210 150
124 1143 274 1227 Hincque
297 1144 411 1231 flagris
434 1144 536 1210 icitur·
554 1146 593 1210 de
617 1146 700 1211 caeli
721 1146 810 1211 fasce
832 1146 960 1230 beatus,

124 1230 310 1297 Resticulos
334 1232 477 1318 demum,
500 1233 640 1299 candens
664 1236 776 1300 oleum
795 1234 878 1318 picis
901 1238 1003 1320 atque

125 1319 295 1386 Ferventis
319 1321 444 1405 patitur
466 1343 589 1406 poenas
613 1322 806 1410 adipemque
829 1323 1007 1410 calentem,

126 1407 238 1474 Adicit
261 1414 294 1475 et
316 1410 442 1476 faculas
466 1412 588 1476 calcem
611 1412 751 1477 miscens
775 1415 808 1476 et
831 1415 973 1496 acetum3

124 1497 204 1564 Inde
227 1499 300 1584 pius
322 1498 448 1565 foditur
472 1500 606 1565 sudibus
630 1501 822 1587 magnisque
844 1500 999 1587 toringis.

55 1603 107 1652 155
127 1584 179 1651 Sic
203 1589 271 1653 vita
294 1591 427 1654 sanctus
451 1593 599 1655 cassatur
622 1588 743 1653 vertice
767 1592 883 1655 sectus.
1150 1603 1171 1646 11

126 1674 222 1741 Hunc
245 1677 321 1761 quia
345 1677 455 1761 dilexi,
474 1677 575 1743 tacito
598 1678 739 1742 transire
762 1676 909 1762 nequivi:

127 1764 190 1840 Qui
215 1765 341 1831 meritis
365 1767 472 1852 floret,
495 1766 622 1831 laudari
645 1765 787 1830 carmine
812 1766 916 1830 debet.

126 1851 256 1919 Interea
279 1858 466 1921 sanctorum
490 1854 620 1921 auditur
642 1854 731 1918 fama
754 1854 912 1938 virorum,

126 1939 278 2008 Fusciani
302 1948 335 2010 et
358 1943 517 2010 Victorici
540 1944 628 2008 clara
651 1943 692 2007 ab
715 1943 846 2026 iniquis,

56 2044 107 2095 140
127 2026 190 2104 Qui
213 2032 317 2096 visum
341 2032 456 2116 caecis,
479 2053 627 2118 gressum
651 2052 844 2115 componere
867 2031 982 2117 clodis,

127 2116 279 2183 Officium
304 2120 436 2203 mancis,
459 2120 607 2184 auditum
630 2119 763 2184 reddere
787 2119 903 2203 surdis,

126 2204 306 2288 Eloquium
331 2206 438 2290 mutis,
462 2207 563 2272 vitam
587 2208 761 2272 concedere
783 2207 914 2273 functis.

127 2291 262 2357 Talibus
285 2293 446 2359 instantes
471 2294 606 2359 audibat
629 2296 772 2361 maxima
794 2296 900 2381 plebis

128 2376 298 2446 Subiciens
322 2382 453 2447 domino
477 2382 639 2448 cervicum
662 2385 747 2450 colla
771 2404 918 2470 superno.

57 2483 108 2533 145
127 2466 219 2533 Inter
242 2492 324 2554 quae
348 2471 473 2537 socium
496 2471 623 2537 visendi
646 2495 725 2538 cura
746 2473 862 2538 titillat

128 2555 334 2645 Quintinum,
356 2559 489 2626 fortuna
512 2560 599 2626 foret
621 2562 650 2627 si
673 2585 785 2648 sospes
810 2563 927 2647 eidem,

126 2642 174 2710 Ut
197 2650 310 2716 mutuo
336 2649 449 2715 adfatu
471 2655 604 2736 gentum
629 2652 668 2716 de
692 2652 883 2717 credulitate

127 2732 313 2803 Gauderent
336 2761 492 2824 sacroque
516 2741 687 2827 complexu
710 2763 808 2824 seque
831 2739 985 2806 viderent

125 2821 223 2889 Illum
249 2825 425 2911 disponunt
448 2829 545 2894 ambo
569 2829 748 2894 accelerare
771 2832 936 2912 verenter3

57 2927 109 2989 150
128 2911 233 2999 Regia
256 2918 406 3001 martyrii
429 2917 616 2981 redimitum
640 2937 772 2980 munere
796 2915 878 2980 caeli

128 2998 190 3066 Sed
213 3003 281 3068 iam
304 3003 497 3081 Quintinum
520 3004 630 3088 posuit
653 3025 750 3086 super
773 3007 863 3067 astra
885 3003 1046 3086 polorum.

129 3087 273 3177 Oumque
298 3091 548 3169 Samarobrium,
566 3113 698 3177 gressus
720 3089 888 3175 tetigisset
912 3113 1038 3178 eorum,

127 3251 168 3260 ...-

201 3337 459 3393 121‘somauobrii’
535 3341 586 3390 126
607 3333 752 3389 ‘archana’
828 3339 879 3388 129
900 3335 1017 3404 ‘preses’
1090 3346 1143 3395 130

129 3403 261 3460 ‘decaeli'
289 3407 408 3462 ‘beatur'
483 3411 534 3462 147
555 3404 678 3473 ‘afflatu’
754 3410 804 3459 149
825 3405 928 3460 ‘vereat
943 3446 948 3458 .
964 3405 983 3459 .'
1007 3405 1143 3465 litterat

126 3478 322 3598 {amsperto
341 3475 472 3545 [fortasse
492 3475 675 3547 ’551105101οἼ
735 3481 786 3530 150
806 3474 902 3530 ‘coeli'
959 3479 1010 3528 152
1031 3474 1141 3534 ‘sm
