2354 3946
344 192 403 250 VII.
431 192 558 249 PASSIO
579 193 605 250 S.
623 192 796 250 Annum.
1013 195 1076 259 117
1096 264 1099 269 ,

10 374 43 424 10
61 356 171 423 Pauca
195 378 292 440 super
315 356 391 440 quia
413 361 450 421 tn
474 378 610 442 semper,
632 358 717 422 bone
741 378 843 439 serve,
866 356 970 442 fuisti,

61 446 167 511 Multa
191 467 290 530 super
314 451 346 510 te
370 445 578 511 constituam.
623 445 763 510 Felicior
784 446 875 511 intra

60 535 101 600 In
124 534 248 599 domini
270 534 421 620 regisque
445 535 507 618 tui,
532 556 614 619 quae
638 556 766 619 semper
787 535 935 620 habebis,

62 623 188 688 Gaudia
212 623 368 688 mercedis
392 623 509 708 dignae
532 624 660 689 laturus
683 623 863 688 honorem?

61 711 108 776 At
130 717 224 798 pater
249 711 386 777 eximius
410 712 523 776 multis
547 715 612 778 iam
636 713 763 777 vixerat
786 712 888 796 annis,

12 818 42 867 15
62 801 241 887 Remigius,
265 801 420 866 certando
445 801 567 866 bonnm
591 805 757 866 certamen
780 803 815 865 in
839 824 935 886 arvo3

62 888 112 954 De
135 891 260 973 reliquo
285 890 372 955 vitae
394 889 494 954 finem
517 891 716 975 properabat
739 890 827 955 adire

139 1029 245 1099 [Pauca
264 1028 299 1084 de
317 1027 426 1085 ratione
446 1011 581 1099 sphaerae
600 1030 636 1084 ad
655 1029 863 1098 provocandam
882 1028 996 1086 lectoris

375 1101 561 1155 intentionem
580 1100 759 1171 interposita]

62 1225 194 1290 Interea
216 1227 298 1292 caeli
322 1227 462 1311 sphaera
483 1231 632 1293 uertente
656 1225 825 1311 Canopum

62 1312 172 1399 Atque
194 1317 306 1398 polum
331 1316 419 1399 picta
443 1317 613 1381 stellarum
637 1316 759 1381 lumine
782 1318 875 1399 miro,

63 1403 162 1480 Quae.
176 1403 331 1470 distincta
354 1405 421 1469 suis
446 1405 572 1489 spatiis,
596 1427 679 1489 quae
702 1405 842 1488 quinque
865 1410 1023 1489 putantur

9 1509 43 1558 2ο
63 1490 170 1556 Zonae
193 1493 246 1556 vel
269 1493 359 1576 circi,
382 1493 586 1559 circumdans
611 1499 750 1578 quatuor
773 1493 877 1557 ambit

62 1579 208 1646 Naturae
234 1581 482 1664 elementorum,
506 1603 586 1667 quas
609 1582 766 1666 physicus
790 1603 864 1646 acer

62 1666 214 1734 Rimatnr
237 1671 447 1756 sequiturque
470 1672 550 1753 vias,
573 1671 691 1756 quibus
715 1670 832 1753 aspicit
855 1672 944 1755 ipsas

63 1759 305 1844 Astriferosque
330 1759 422 1843 situs,
445 1759 480 1824 in
503 1763 659 1843 quantum
683 1759 826 1823 humana
848 1759 987 1823 facultas
1060 1802 1063 1809 -

63 1846 151 1914 Scire
175 1849 277 1934 valet,
300 1885 344 1896 ·-
366 1871 444 1913 nam
467 1848 624 1934 quaedem
649 1853 736 1933 sunt,
761 1869 843 1932 quae
867 1847 900 1911 vi
922 1847 1058 1912 rationis

11 1953 43 2002 25
64 1935 283 2023 comprendit,
302 1939 470 2023 quaedam,
490 1959 572 2023 quae
590 1959 657 2001 non
675 1937 722 2002 sic
741 1938 851 2022 signat
868 1933 1021 2021 Hyginus
1037 1973 1075 1984 -

63 2023 301 2111 Signorumqnc
325 2027 435 2092 obitus
460 2031 496 2092 ut
519 2026 670 2091 machina
693 2027 795 2091 volvit
818 2029 851 2090 et
874 2030 975 2090 ortus.

64 2113 128 2180 Sed
149 2113 272 2181 Boreas
295 2138 461 2201 nunquam
486 2114 652 2200 submergi
675 2115 835 2199 conspicit
858 2135 952 2179 ursas

63 2203 217 2269 Plaustra
239 2226 314 2288 nec,
337 2204 475 2289 insignis
500 2226 581 2289 quae
605 2203 884 2288 circumplectitur
907 2204 1032 2290 anguis.

29 2281 34 2309 ¹
61 2290 158 2357 Hunc
181 2293 215 2357 in
238 2296 460 2358 transversum
484 2292 612 2378 positus
636 2293 826 2378 contingere
849 2294 977 2377 cyclum

10 2397 43 2447 30
63 2380 205 2464 Signifer
228 2381 371 2447 aestivus
394 2382 593 2467 perhibetur,
617 2383 673 2447 ubi
696 2382 904 2447 vehementer
1096 2401 1112 2442 r.
1125 2393 1167 2443 eo*

64 2468 250 2535 Solstitium
275 2492 389 2536 cancer
411 2470 552 2536 flammis
576 2470 783 2536 vibrantibus
807 2492 880 2535 acre

62 2557 221 2624 Fervidns
244 2559 400 2643 incendit,
423 2581 497 2624 cum
521 2558 624 2624 Sirius
649 2563 778 2624 aestuat
802 2560 886 2623 altas

62 2645 201 2713 Radices
225 2648 382 2713 mandans
406 2649 536 2732 lapsum
559 2647 680 2712 sentire
703 2649 859 2731 calorem,

63 2733 133 2810 Quo
160 2736 276 2801 virides
300 2737 405 2802 adhuc
428 2758 504 2801 mox
527 2737 743 2800 immutantur
767 2735 888 2800 aristae

11 2839 44 2888 35
64 2822 216 2889 Falcibus
240 2829 338 2910 atque
363 2826 450 2890 acuit
473 2824 589 2890 messis
614 2829 743 2888 matura
765 2828 896 2890 coactos

134 3003 186 3052 812
212 2999 280 3054 ‘dni'
306 3015 357 3070 pro
378 2983 457 3054 ‘cd’
487 2999 564 3069 ‘qne’
625 3004 677 3054 813
698 2997 806 3067 ‘digne’
867 3004 919 3053 816
940 2997 1022 3053 ‘vite'
1044 3028 1077 3040 -·

62 3071 260 3138 argumentum
277 3071 308 3124 in
325 3071 454 3140 margine
471 3071 605 3139 scriptum
620 3073 711 3125 exstat
736 3069 859 3139 ‘sphere'
877 3099 909 3108 -
930 3073 982 3124 81¹1
999 3069 1077 3124 ‘celi-

63 3140 181 3208 sphera’3
203 3142 365 3210 ‘canopum'
391 3159 445 3196 sec.
470 3162 505 3196 m.
531 3158 666 3212 superscr.
688 3141 697 3167 ‘
720 3156 750 3195 ro
775 3140 846 3194 axis'
914 3145 966 3195 819
993 3140 1075 3206 ‘Quo'

64 3210 140 3278 ‘que’
162 3211 203 3266 ‘v’
225 3229 360 3282 superscr.
380 3230 395 3267 e
415 3213 561 3282 (quinque)
616 3218 668 3268 820
688 3158 785 3266 ‘done’
808 3210 868 3264 ‘rm’
890 3227 1025 3280 superscr.
1047 3228 1078 3265 cr

63 3283 204 3351 (quatuor)
264 3288 315 3338 821
337 3282 483 3353 ‘phisicus’
541 3289 593 3339 824
613 3282 757 3352 ‘quedam'
785 3282 861 3350 ‘qne’
925 3287 977 3337 828
1000 3282 1078 3349 ‘quc-

61 3353 128 3408 dam
151 3353 218 3422 que'
245 3353 369 3423 ‘yginus’
444 3360 496 3410 827
517 3355 692 3424 ‘numquam’
768 3357 820 3407 828
846 3351 1007 3407 ‘Claustra'
1035 3353 1078 3406 ‘in

61 3424 160 3496 mynic'
182 3424 260 3492 ‘qne’
325 3430 378 3481 829
399 3427 525 3481 ‘intrans
542 3426 659 3482 ccrmm’
682 3423 807 3479 ‘ciclum'
871 3428 924 3478 880
945 3421 1077 3478 ‘activus’

62 3499 114 3621 832
135 3496 249 3565 ‘syrius'
271 3497 386 3553 ‘estuat’
439 3504 492 3553 834
508 3496 617 3552 ‘ansts’
670 3502 723 3552 835
739 3495 886 3549 ‘maturos’
903 3511 935 3550 os
953 3494 1076 3551 deletus·

62 3581 77 3620 e
109 3583 128 3622 a
146 3583 281 3637 superscr.
