2422 3976
97 177 141 241 36
414 175 462 232 III.
488 175 578 232 VITA
596 174 623 230 S.
643 173 788 228 ERASMI.

97 339 167 404 Rex
189 339 341 403 turbatus
366 341 436 403 erat
460 360 595 422 quoque,
619 337 749 422 quando
772 337 840 401 dies
864 336 1030 422 veniebat,

96 427 171 493 Illic
194 427 280 512 quod
304 427 427 492 domini
448 427 609 491 famulum
630 448 697 491 non
719 425 939 510 repperiebat‚

19 533 23 539 ·
98 517 207 600 Atque
230 516 350 580 timens
373 515 455 581 dixit
478 519 627 580 sanctum
650 536 748 600 super
772 518 862 579 astra
885 515 1030 580 levatum

27 624 80 674 480
98 605 144 670 Et
168 605 256 670 dolet
279 605 385 690 illusa,
408 626 615 688 quaecunque
637 607 812 687 paraverat
835 603 905 685 olli,

99 693 164 759 Tot
187 693 312 759 vicibus
335 697 500 758 tormenta
522 715 665 778 unquam
688 714 746 757 nec
769 692 897 757 laedere
920 713 1027 776 posse.

95 781 270 846 Formiana
293 781 415 848 Christi
438 781 581 846 famulus
604 780 765 866 requievit
787 780 823 844 in
845 781 926 845 urbe

95 869 145 936 De
168 870 259 935 iussu
283 870 431 956 angelico
456 871 564 955 spatia
587 873 723 955 septena
746 869 883 934 dierum.

95 958 177 1024 Post
199 960 260 1024 hos
283 981 400 1042 nempe
423 959 491 1023 dies
515 959 619 1024 voluit
642 958 865 1041 transmittere
889 958 1025 1023 missum

24 1065 77 1116 485
97 1047 258 1131 Christus,
280 1052 317 1111 ut
340 1047 426 1113 hunc
448 1048 573 1112 lassum
595 1047 727 1111 tandem
750 1050 919 1112 revocaret
942 1047 983 1111 ad
1006 1047 1113 1113 illum.

98 1135 160 1211 Qui
182 1157 338 1200 resonans
361 1135 464 1200 fatur:
488 1135 652 1219 ‘Propera
674 1135 792 1200 dilecte
815 1135 954 1219 famelle,

97 1222 149 1287 Ad
172 1225 317 1308 requiem
341 1224 472 1289 domino
496 1223 609 1288 mundi
632 1224 671 1288 de
694 1224 758 1289 fine
781 1227 930 1308 paratam
1134 1244 1150 1286 r.
1164 1239 1202 1288 aa*

99 1311 331 1398 Angelioisque
354 1312 462 1377 choris
486 1315 519 1377 et
542 1312 725 1397 virginibus
748 1313 944 1395 redimitam,

97 1400 297 1485 Martyribus
322 1401 453 1485 sanctis,
476 1401 671 1485 patriarchis
696 1406 793 1486 atque
815 1401 994 1487 prophetis.

27 1509 79 1558 490
97 1488 249 1554 Praemia
271 1512 340 1554 cum
365 1489 461 1555 sociis
484 1490 695 1574 paritoriam
717 1490 848 1574 percipe
871 1491 981 1574 iustis3

98 1577 160 1642 Per
182 1581 215 1642 te
237 1599 376 1663 namque
400 1578 478 1643 deus
501 1579 597 1643 terris
622 1582 673 1642 est
695 1578 938 1665 magnificatus:

97 1665 276 1751 Propterea
297 1667 331 1731 in
355 1667 453 1732 caelis
477 1667 586 1732 sedem
610 1669 740 1751 captare
762 1667 909 1733 valebis?

97 1753 169 1820 Hac
192 1777 270 1820 voce
294 1756 405 1820 audita
428 1777 555 1820 sursum
579 1755 748 1840 suspendit
772 1757 891 1821 ocellos

99 1844 337 1928 Angelicosque
360 1845 476 1910 choros
500 1846 669 1928 conspexit
691 1845 726 1908 in
750 1866 823 1909 aere
845 1846 950 1908 laetos

28 1950 80 2000 495
99 1931 344 2016 Psallentesque
368 1932 432 1998 sibi
455 1933 648 1998 immensam
672 1935 836 1997 ostentare
859 1953 1013 1998 coronam

100 2021 251 2085 Floribus
276 2025 425 2086 ornatam
447 2021 658 2086 vernantibus
682 2025 779 2104 atque
802 2021 980 2086 rubentem.

100 2109 182 2173 Tum
206 2131 327 2193 pronus
350 2114 456 2174 terrae
480 2109 710 2193 dominumque
733 2114 885 2194 precatur
907 2110 948 2173 ab
973 2131 1041 2174 ore:

100 2197 140 2262 ‘0
165 2198 304 2283 domine,
327 2198 460 2282 dignare
484 2219 591 2262 meum
615 2198 788 2262 sustollere
811 2199 935 2263 flatum.

101 2284 165 2350 Ast
188 2287 329 2350 animam
352 2287 475 2370 proprii
500 2287 608 2350 subito
631 2308 716 2350 nuno
740 2310 831 2351 sume
853 2286 998 2352 famelli?

30 2393 83 2443 500
101 2374 162 2438 His
187 2374 281 2439 dictis
304 2374 454 2459 precibus
477 2395 602 2439 necnon
626 2373 699 2438 aliis
722 2376 867 2441 reboatis
1135 2399 1151 2438 r.
1165 2390 1198 2440 53¹

101 2461 246 2527 Solvitur
269 2463 331 2526 hac
353 2463 422 2527 vita
446 2467 478 2527 et
501 2463 616 2527 flatum
639 2463 788 2546 permisit
811 2465 852 2528 ad
875 2467 971 2528 astra.

96 2551 176 2622 Inde
199 2551 308 2616 anima
330 2551 421 2616 illius
444 2552 515 2617 risa
538 2555 588 2615 est
611 2552 783 2616 ascendere
806 2574 949 2636 sursum,

97 2639 245 2716 Qualiter
267 2644 299 2704 et
323 2640 446 2705 domini
468 2644 609 2726 pergunt
631 2641 715 2704 hanc
738 2641 822 2705 ferre
845 2641 996 2726 ministri,

98 2726 223 2793 Cuncta
246 2728 347 2793 etiam
370 2730 467 2794 turba
488 2730 551 2794 hoc
574 2751 609 2793 se
634 2729 841 2813 conspexisse
863 2728 995 2794 fatetur.

29 2834 81 2884 1505
99 2817 208 2900 Atque
231 2817 278 2880 ibi
302 2817 358 2902 qui
381 2817 524 2902 fuerant,
547 2818 678 2883 domino
701 2817 813 2882 laudes
837 2818 1022 2884 referebant

101 2905 276 2969 Duloisone
300 2909 334 2970 et
357 2909 491 2971 cantant
512 2906 632 2991 psalmi
654 2907 899 2971 modulantibus
922 2907 1062 2992 hymnis,

102 2993 292 3057 Innumeras
316 2995 402 3078 quod
425 2997 502 3077 post
524 3016 646 3078 poenas
670 3017 743 3060 oum
766 3016 846 3080 pace
869 2995 1001 3079 reliquit

103 3081 278 3145 Terrenam
303 3087 335 3147 et
358 3087 448 3147 tenet
472 3088 637 3148 aeternam
661 3106 719 3167 per
743 3085 869 3149 saecula
892 3085 1008 3168 vitam,

172 3333 224 3383 480
245 3329 349 3382 ‘inlusa
367 3328 570 3397 quaecumque’
638 3334 690 3383 481
712 3328 856 3398 ‘umquam
876 3328 902 3383 c'
923 3347 958 3384 ne
977 3346 1116 3398 superscr.

103 3399 218 3454 ‘ledere’
301 3405 354 3454 483
384 3399 503 3468 ‘spacia’
587 3403 640 3454 495
669 3399 849 3455 ‘inmensam'
932 3406 985 3455 497
1015 3401 1114 3456 ‘terre’

102 3474 152 3524 502
174 3469 320 3525 ‘animam'
342 3469 463 3524 alterurn
482 3489 510 3524 m
529 3470 654 3525 deletum
715 3475 767 3525 506
789 3472 900 3540 ‘ymnis'
965 3472 1117 3528 607‘re1i-

101 3540 180 3609 quid’
201 3541 301 3595 ultima
320 3541 430 3611 syllaba
447 3558 497 3612 per
515 3540 714 3611 compendium
733 3541 838 3612 scripta
