2354 3946
392 166 426 226 V.
456 167 504 222 DE
522 167 740 224 PARTICIPIO.
1017 169 1077 234 167

51 324 111 388 duo
132 320 316 407 participia
336 321 433 386 unius
455 342 524 386 esse
546 321 714 404 temporis,
743 323 776 384 et
798 321 869 385 ideo
892 324 977 384 recte
999 324 1077 385 scri-

51 407 154 471 bimus
178 409 340 473 mundus
361 411 446 488 erut,
469 426 534 469 non
557 407 624 473 erit.

132 489 199 557 Sed
223 491 288 557 hac
308 490 414 555 soluta
428 490 629 574 quaestione,
653 489 716 553 alia
730 489 765 553 in
781 488 892 552 eodem
905 489 1076 572 participio

53 576 197 661 suppetit
220 574 386 660 quaestio,
408 595 506 722 quare
528 595 595 639 non
618 575 794 638 scribamus
817 575 979 653 oriendus
1003 593 1077 638 cum

54 661 91 727 sit
111 662 233 727 oriens.
270 659 329 744 qui
350 680 410 743 pru
432 663 523 724 enter
545 658 644 723 uerba
665 661 825 722 nonerunt
846 659 999 735 scribere,
1029 657 1075 721 di·
1102 678 1115 720 s

56 746 267 811 eductionem
289 745 326 808 in
347 744 497 809 omnibus
518 745 664 820 seruant,
689 744 723 806 in
746 742 848 806 modis
871 746 904 806 et
918 743 1075 826 personis.

56 830 96 895 sic
122 830 217 895 enim
245 828 426 894 declinatur
453 830 540 893 orior
560 829 657 892 oriris
678 829 780 893 oritur
802 828 925 892 orimur
947 829 1077 892 crimini

54 916 213 981 oriundum.
258 914 305 979 sic
333 917 367 977 et
392 913 427 976 in
454 914 543 977 omui
570 912 669 976 uerbo
696 912 810 976 tertiae
838 911 1077 996 coniugationis

56 1000 120 1064 siue
166 999 324 1064 roductae
345 997 415 1061 siue
436 995 534 1061 etiam
556 1000 720 1079 correptae
741 1018 764 1061 u
778 998 812 1060 in
827 997 924 1060 tertia
938 1017 1078 1078 persona

56 1084 87 1168 pi
160 1084 189 1147 's
218 1082 345 1147 numeri
372 1102 497 1165 semper
524 1081 715 1157 adsumitur,
745 1085 782 1144 ut
803 1082 1115 1164 quatuorcentis

56 1171 237 1234 adiuntur.
273 1167 337 1231 hoc
358 1165 447 1247 ideo,
470 1187 548 1230 uam
568 1166 596 1230 si
615 1166 818 1248 esuribatur,
841 1166 983 1230 futurum
998 1169 1076 1230 tem·

58 1273 114 1337 pus
136 1252 338 1317 aestimatur.
372 1250 501 1315 uidetur
520 1253 630 1314 tamen
645 1249 726 1313 mihi
740 1251 857 1314 mirum
872 1272 956 1329 esse,
981 1272 1077 1334 quare

58 1358 120 1402 uon
140 1337 190 1402 sic
212 1336 364 1401 scribitur
383 1336 531 1401 mondus
552 1355 610 1419 per
624 1355 656 1400 e:
678 1335 818 1399 fortene
839 1336 1003 1420 passiuum
1018 1357 1077 1419 pu·

56 1426 140 1487 tetur
168 1442 240 1485 esse
268 1420 417 1503 uerbum,
445 1423 483 1484 ut
510 1420 665 1502 rependas.
702 1440 812 1483 rursus
839 1441 974 1504 quaero,
1003 1440 1077 1484 eum

56 1506 213 1571 oriendus
234 1504 401 1587 scribitur,
430 1525 528 1588 quara
550 1505 649 1568 etiam
670 1503 704 1566 in
726 1504 898 1588 participio
921 1505 1076 1587 temporis
1090 1522 1114 1561 1⁵

58 1589 237 1675 praesentis
264 1610 333 1653 non
359 1589 406 1653 ita
433 1588 585 1652 scribitur
606 1589 711 1653 oriens
732 1591 886 1654 oriundus.
927 1588 987 1651 hoc
1009 1609 1077 1652 non

57 1679 104 1740 est
122 1673 409 1751 consuetudinum,
433 1673 497 1737 uisi
510 1673 546 1737 in
561 1673 740 1756 participiis
756 1674 929 1737 uerborum
944 1676 1077 1755 quartae

57 1758 314 1845 coniugationis,
336 1758 391 1822 ubi
413 1778 472 1840 per
492 1760 565 1822 octo
584 1778 644 1905 per
665 1760 679 1821 c'
700 1761 733 1822 et
752 1757 860 1840 e<in>
874 1756 1076 1820 nominatiuo

57 1865 148 1909 cassu
154 1892 165 1926 ,
187 1843 224 1907 in
246 1842 377 1926 reliquis
400 1841 570 1906 cassibusc'
606 1845 744 1925 emptae
759 1844 827 1905 etc
842 1844 1019 1924 ponuntur,
1041 1845 1078 1904 ut

57 1932 105 1995 est
124 1931 196 1994 iens
217 1929 320 1993 umtc's
340 1927 387 1990 sic
401 1927 512 2009 quiens
528 1928 688 2009 queuntis,
710 1927 869 1990 transiens
882 1926 1077 1990 transeuntis
1090 1943 1115 1981 20

56 2018 89 2078 et
110 2016 229 2081 cetera.

140 2096 219 2161 Alia
240 2094 335 2160 nobis
356 2096 501 2179 quaestio
522 2094 660 2159 inminet
678 2094 846 2159 solutionis
862 2094 939 2158 satis
955 2092 1076 2176 indiga,

77 2202 155 2247 uara
178 2201 255 2264 sepe
276 2180 460 2244 inuenimus
483 2178 580 2244 scribi
601 2179 753 2246 standum
774 2180 944 2245 sedendum
959 2178 1077 2245 cuden-

99 2288 133 2331 m
158 2265 350 2347 corumdem
357 2312 366 2346 ,
394 2285 466 2328 cum
489 2263 627 2328 neutrali
649 2264 748 2328 uerbo
770 2264 900 2328 nonnisi
922 2264 984 2328 duo
1007 2285 1078 2347 par·

58 2350 170 2435 ticipia
192 2350 305 2414 uenire
327 2353 555 2430 consuescant,
578 2351 651 2412 eta
674 2347 849 2432 deponenti
871 2349 935 2413 tria
950 2353 1077 2414 tantum
1090 2364 1115 2404 2⁵

57 2434 239 2500 trahantur.
267 2433 328 2497 hoc
350 2436 456 2499 autem
476 2433 604 2497 uidetur
624 2432 831 2517 participium
851 2434 973 2518 passiui
987 2433 1078 2497 uerbi

123 2658 166 2711 22.
184 2651 257 2707 Eoec.
275 2652 362 2707 Besa.
374 2654 443 2717 200,
460 2654 497 2706 12
514 2655 539 2706 et
557 2650 639 2708 Leid.
651 2651 672 2717 f.
683 2653 742 2704 80¹:
765 2651 830 2705 Ana
847 2652 971 2719 questio,
991 2668 1078 2720 quare

57 2720 142 2776 scribi
165 2719 314 2790 (scriptum
332 2719 370 2785 L)
393 2719 550 2774 invenimus
573 2733 640 2787 sepe
662 2717 795 2771 standum
811 2749 846 2759 -
863 2719 1026 2773 addendum
1044 2750 1079 2760 -

58 2805 121 2843 eum
143 2804 162 2843 a
185 2786 309 2842 neutrali
331 2786 418 2841 verbo
442 2789 520 2856 (cum
543 2785 749 2840 aueutralium
767 2786 804 2840 bo
822 2787 860 2855 Β)
880 2787 1079 2865 -partieipia

56 2856 219 2927 (participio
232 2854 271 2922 L)
290 2856 320 2909 et
337 2871 355 2908 a
371 2853 526 2923 deponenti
543 2851 599 2907 tria
615 2854 727 2906 tantum
738 2853 892 2974 participia
902 2870 998 2909 vemre
1011 2867 1077 2908 con-

58 2926 191 2979 suescunt
213 2922 459 2991 (consuessfllcunt
480 2921 532 2990 Β).
572 2920 622 2975 sed
642 2920 696 2974 hoc
720 2936 737 2973 a
779 2921 969 2990 inpersonalia
990 2920 1078 2975 verba

57 2990 253 3055 referendum,
280 3004 400 3057 quorum
423 3005 496 3068 quae
520 2987 710 3058 praediximus
737 2991 803 3042 sunt
824 2987 1077 3058 inpraesentiarum

57 3058 320 3179 {inpresenitiarum
337 3055 390 3125 B):
415 3054 693 3124 ‘mpraesentiarum’
713 3057 777 3122 (cns
794 3056 831 3119 L)
855 3085 887 3094 -
911 3053 1077 3108 adverbium

69 3125 215 3249 empgraie
240 3126 285 3178 est
302 3125 364 3193 (om.
383 3123 419 3191 L)
438 3130 471 3177 ut
488 3123 655 3193 praesertim
673 3123 848 3191 (praesertim
865 3121 915 3189 Β).
944 3121 979 3187 cf.
997 3121 1078 3187 iufra

122 3404 138 3452 2
157 3396 225 3467 erit]
245 3410 280 3451 ec
297 3396 359 3449 erat
376 3394 410 3449 N
424 3396 434 3463 t
452 3400 481 3447 11
501 3393 556 3449 nisi
572 3393 607 3448 N
621 3407 689 3448 corr.
703 3390 769 3444 Mai
780 3392 790 3459 ΙΙ
809 3396 840 3446 13
858 3390 931 3444 forte
948 3406 983 3443 ne
1002 3388 1077 3444 forte

55 3462 107 3533 Νι
122 3470 153 3521 18
171 3480 226 3533 per
244 3464 264 3533 i]
282 3462 348 3529 sort.
367 3478 419 3531 pro
437 3463 469 3530 it
481 3463 512 3515 in
528 3461 596 3515 add.
615 3459 680 3513 Mai
692 3460 702 3526 t
718 3465 747 3513 19
764 3460 910 3528 puuuntur
928 3456 966 3516 N.
