2354 3946
119 151 161 216 84
348 145 504 202 VlRGILlI
521 144 688 202 Minonis
706 146 903 206 EPITOMAE.

119 302 203 367 solus
232 323 290 386 per
317 300 402 365 diem
424 301 473 365 sui
494 299 632 384 fulgoris
659 300 693 364 ui
720 302 825 365 totum
851 301 961 364 orbem
992 301 1140 367 obtunsis

119 408 185 452 una
206 386 307 451 stellis
330 406 403 451 cum
423 385 502 450 luna
521 384 690 465 inlustrat,
715 385 767 449 uel
790 385 1140 452 011111011110111111-

118 472 227 536 nitate
259 471 319 536 hoc
359 474 407 535 est
443 469 665 534 habundantia
703 469 881 553 splendoris
922 476 1140 557 nuncupatur.

119 691 299 759 cogitationis
318 720 350 728 —
368 689 481 743 nomine
500 690 643 742 caeterum
660 688 684 740 si
701 703 784 741 omne
802 688 879 756 quod
893 719 924 728 -
937 689 1141 758 requirendum

120 763 163 838 est
180 758 255 836 unde
275 757 434 836 appellatur
451 773 512 824 pus.
530 773 583 826 pus
600 756 630 808 in
648 755 791 809 latinitate
803 755 1001 835 philosophica
1014 759 1141 837 custodia

120 825 723 971 utilitteriistusuidus
734 823 1142 969 1111111111

122 963 158 1017 ab
176 962 331 1015 hauriendo
350 960 480 1014 auditum
498 959 609 1012 dicitur.
638 958 738 1028 pectus
756 974 774 1010 a
790 957 988 1028 philosophica
998 959 1142 1016 latinitate

121 1047 185 1084 cum
204 1029 397 1083 additamento
416 1044 428 1079 s
446 1025 579 1079 scribitur
592 1041 673 1080 exeo
686 1025 762 1094 quod
775 1027 885 1094 spectat
898 1057 931 1065 —
944 1028 1055 1082 secreta
1067 1029 1141 1082 unde

121 1097 267 1150 lucanus
285 1094 398 1214 (ὲι1111110
411 1110 441 1148 as
451 1094 574 1212 pectore
588 1093 706 1146 colitant
715 1093 903 1170 cogitationes
916 1094 966 1148 sed
973 1110 1029 1172 ,1101
1041 1099 1141 1164 pectus

121 1181 139 1218 a
159 1165 291 1232 pectinari
312 1177 328 1215 o
351 1162 425 1215 idest
471 1160 636 1214 iscemendo
660 1163 851 1230 cogitamenta
872 1161 948 1215 unde
970 1179 1001 1215 in
1024 1165 1142 1218 modum

120 1230 210 1299 pectis
232 1229 377 1282 cuiusdam
400 1229 486 1283 etiam
509 1227 659 1282 visibiliter
680 1228 848 1296 conpactum
866 1231 909 1282 est
926 1229 1003 1283 unde
1021 1231 1051 1284 et
1090 1247 1140 1286 uae

121 1295 1141 1432 111111111111-1111-1111111111

122 1434 223 1487 danter
246 1433 402 1486 exuberant
422 1431 585 1500 philosophi
608 1430 743 1484 virtutem
765 1435 796 1484 et
818 1447 930 1485 cursum
952 1433 1020 1485 111111
1039 1434 1069 1486 et
1085 1435 1141 1501 pen

122 1501 296 1556 vocaverunt
312 1529 346 1538 —
363 1515 415 1567 per
437 1514 533 1552 omnes
552 1515 632 1552 casus
649 1514 782 1552 numeros
799 1514 905 1567 genera
922 1500 1091 1569 monoptota
1107 1529 1141 1540 -

124 1563 315 1624 1111111111-
325 1567 485 1645 appellatae
495 1568 561 1619 sunt
570 1595 602 1604 -
611 1565 668 1634 peri
677 1595 709 1604 —
720 1565 795 1633 quod
805 1582 823 1619 a
831 1583 914 1621 cursu
925 1571 969 1621 est
979 1598 1011 1606 —
1021 1567 1098 1622 labia
1107 1584 1142 1622 ex

123 1636 220 1690 labore
237 1635 381 1702 loquendi.
413 1634 524 1688 Aeneas
541 1649 620 1687 meus
632 1649 722 1711 'super
739 1648 842 1711 nomen
859 1634 938 1688 aliud
950 1634 1095 1712 intellegit
1107 1635 1142 1688 ob

123 1705 177 1758 hoc
200 1703 299 1772 inquid
319 1703 398 1757 labia
417 1701 567 1767 vocantur,
591 1717 659 1769 quia
680 1700 796 1755 cottidie
819 1717 871 1770 per
887 1702 976 1756 verba
993 1702 1023 1755 in
1040 1703 1141 1756 vitium

124 1770 269 1826 labuntur.
293 1772 323 1825 la
343 1771 367 1824 is
384 1770 419 1824 de
431 1770 521 1838 lapsu.
552 1769 602 1822 sed
620 1768 704 1822 altius
722 1767 832 1836 lapides
847 1769 1036 1839 κ1111111111
1054 1770 1142 1840 igitur

125 1841 161 1910 (i)
175 1789 367 1894 accendunibr
384 1839 459 1892 unde
478 1838 507 1891 et
523 1837 634 1907 lapides
650 1835 771 1913 preciosi
788 1865 821 1875 -
840 1835 1005 1905 splendore,
1023 1837 1143 1892 11111111-

125 1909 222 1961 mania
240 1909 269 1961 et
286 1906 440 1960 inmobilia.
470 1907 554 1975 petra
571 1905 606 1960 de
623 1904 732 1958 duricia
748 1919 831 1958 omne
850 1904 926 1958 enim
943 1904 1045 1958 durum
1062 1907 1093 1960 et
1103 1905 1143 1958 in·

126 1975 272 2029 domatum
294 1974 372 2044 apud
394 1977 504 2028 veteres
524 1977 637 2042 petrum
655 1971 817 2030 vocabatur.
853 1971 928 2040 quod
947 1988 1142 2040 quaecumque

126 2059 229 2097 nomen
238 2043 271 2095 ut
283 2042 370 2096 verba
381 2042 535 2095 secundum
568 2040 790 2109 ropinquitatem
801 2054 858 2092 nori
870 2040 1034 2094 sonaverint
1045 2056 1142 2094 securi·

127 2111 195 2162 dum
217 2125 329 2162 sensum
353 2110 381 2161 et
403 2109 538 2161 consuetu
561 2109 566 2118 '
589 2124 618 2160 es
637 2107 838 2176 scripturarum
860 2106 1048 2176 intelligenda
1069 2110 1142 2162 sunt.

125 2190 235 2227 menses
248 2191 265 2227 a
278 2189 418 2239 mensura,
430 2175 541 2228 veteres
553 2190 571 2227 a
584 2189 682 2227 mensa
692 2189 724 2227 ec
734 2175 810 2240 quod
824 2191 1003 2228 communem
1017 2191 1143 2230 mensam

125 2242 256 2295 omnibus
274 2240 330 2293 suis
348 2241 485 2293 fructibus
496 2239 609 2294 faciant.
637 2240 713 2294 unde
727 2245 755 2294 et
767 2241 884 2296 iemales
894 2258 952 2296 non
964 2259 1076 2297 menses
1088 2243 1143 2296 dici

125 2309 174 2362 sed
193 2308 287 2376 spatia
304 2307 410 2361 volunt.
439 2307 530 2376 gloria
548 2323 633 2362 exeo
653 2306 756 2361 dieitur
774 2309 840 2377 quia
852 2309 904 2363 alti
934 2309 1021 2378 nique
1034 2311 1068 2364 ut
1080 2311 1144 2364 sunt

125 2376 166 2429 dii
184 2375 259 2444 apud
292 2374 381 2453 hiloso
402 2375 432 2427 hi
444 2374 537 2443 glores
549 2375 689 2452 dicuntur.
716 2375 766 2429 sed
778 2375 885 2430 cercius
897 2329 1019 2445 gloriam
1032 2377 1142 2446 181011-

125 2443 256 2497 ficaticne
271 2392 496 2520 laudisdicitur.
530 2443 583 2496 hoc
606 2443 751 2497 sciendum
769 2444 845 2512 quod
863 2444 958 2522 omniu
974 2461 1049 2514 pene
1067 2445 1142 2515 apud

125 2513 237 2566 veteres
256 2510 326 2564 ahat
348 2509 516 2564 dicebantur
534 2513 564 2564 et
581 2526 655 2564 nunc
673 2510 749 2579 apud
767 2527 817 2565 nos
835 2511 906 2566 ahat
922 2512 1074 2566 habentur.
1110 2528 1143 2567 ex

126 2577 227 2647 quibus
245 2579 288 2632 est
326 2577 399 2631 ratia
417 2594 503 2646 quam
522 2593 582 2631 esse
601 2578 720 2632 dicimus
737 2577 814 2646 quod
853 2580 920 2633 ratis
933 2582 963 2632 et
975 2580 1035 2634 sine
1048 2581 1143 2658 precio

125 2645 185 2699 aeci
206 2645 263 2722 itur
288 2595 332 2698 illi
359 2645 502 2714 gratulans
526 2645 659 2723 dicebant
681 2661 699 2724 a
720 2646 837 2724 gratula
849 2645 924 2712 ⁸one,
951 2662 1002 2701 nos
1026 2646 1143 2703 dicimus

125 2715 192 2766 brac
224 2728 270 2765 am
289 2729 324 2766 ex
341 2714 455 2767 hracho.
483 2713 628 2767 brachium
647 2729 723 2766 emm
740 2730 770 2766 in
786 2713 929 2768 latinitate
946 2714 1145 2785 philosophica

125 2779 263 2835 fortitudo
282 2781 392 2835 dicitur.
427 2781 469 2834 illi
492 2797 560 2835 vero
598 2779 782 2834 retentorium
803 2782 944 2836 vocabant
961 2782 998 2837 ab
1017 2798 1052 2838 eo
1071 2783 1144 2849 quod

126 2847 401 2972 trutinant
424 2848 873 2972 tritint‘utulrdri
895 2852 928 2904 ¹¹*
945 2851 1015 2973 111ι
1032 2851 1064 2972 ¹3
1083 2851 1146 2970 μθ11

145 2936 157 2972 1
381 2956 387 2968 .
824 2935 852 2971 ui
893 2935 947 2972 cun
996 2935 1047 2972 sr
1095 2935 1133 2972 un

127 2987 214 3041 cibos.
249 2987 357 3039 Aeneas
380 2983 479 3037 dentes
501 2984 648 3038 mandulas
671 2985 728 3037 dici
750 2934 851 3040 melius
875 2986 1029 3040 arbitratus
1052 2986 1145 3040 estex

128 3070 161 3108 eo
199 3052 256 3107 uod
273 3052 420 3108 mandunt.
456 3051 502 3106 hic
519 3051 596 3106 idem
613 3051 684 3105 mihi
702 3051 815 3109 dicebat
833 3071 896 3108 cum
914 3054 949 3108 ab
968 3069 1003 3109 eo
1020 3054 1145 3122 inquiret

128 3071 198 3190 quid
216 3122 290 3176 esset
306 3121 417 3176 natura.
453 3136 469 3174 0
487 3119 529 3172 fili
546 3121 629 3198 scito,
653 3120 730 3189 quod
749 3123 967 3191 uniuscuiusque
985 3121 1028 3176 rei
1045 3122 1146 3176 natura

128 3219 161 3229 -
180 3189 292 3244 omnino
311 3189 459 3243 subsistere
477 3204 510 3242 ac
527 3204 623 3242 vivere
642 3190 759 3243 -actu
778 3222 808 3231 -
827 3192 936 3245 natatu.

129 3375 459 3508 (qmgerssllemnitatem
484 3374 518 3430 N
535 3375 545 3442 l
567 3380 583 3428 3
609 3373 807 3428 habundancia
832 3373 866 3426 N
883 3375 893 3441 ΙΙ
915 3376 1095 3446 noncupatur
1116 3374 1149 3430 N
