<?xml version="1.0" encoding="UTF-8"?>
<!DOCTYPE html PUBLIC "-//W3C//DTD XHTML 1.0 Transitional//EN"
    "http://www.w3.org/TR/xhtml1/DTD/xhtml1-transitional.dtd">
<html xmlns="http://www.w3.org/1999/xhtml" xml:lang="en" lang="en">
 <head>
  <title>
</title>
<meta http-equiv="Content-Type" content="text/html;charset=utf-8" />
  <meta name='ocr-system' content='tesseract 3.04.00' />
  <meta name='ocr-capabilities' content='ocr_page ocr_carea ocr_par ocr_line ocrx_word'/>
</head>
<body>
  <div class='ocr_page' id='page_1' title='image "./grammaticiopera00virggoog_0223.png"; bbox 0 0 2354 3946; ppageno 0'>
   <div class='ocr_carea' id='block_1_1' title="bbox 104 202 717 260">
    <p class='ocr_par' dir='ltr' id='par_1_1' title="bbox 104 202 717 260">
     <span class='ocr_line' id='line_1_1' title="bbox 104 202 717 260; baseline -0.002 0"><span class='ocrx_word' id='word_1_1' title='bbox 104 206 144 260; x_wconf 90' lang='lat' dir='ltr'>VI</span> <span class='ocrx_word' id='word_1_2' title='bbox 504 202 717 259; x_wconf 76' lang='lat' dir='ltr'><strong>PRAEFATIO.</strong></span> 
     </span>
    </p>
   </div>
   <div class='ocr_carea' id='block_1_2' title="bbox 101 363 1123 1960">
    <p class='ocr_par' dir='ltr' id='par_1_2' title="bbox 101 363 1123 1496">
     <span class='ocr_line' id='line_1_2' title="bbox 103 363 1123 451; baseline 0 -19"><span class='ocrx_word' id='word_1_3' title='bbox 103 369 266 451; x_wconf 87' lang='lat' dir='ltr'>iuvenem,</span> <span class='ocrx_word' id='word_1_4' title='bbox 284 365 485 431; x_wconf 84' lang='lat' dir='ltr'>Fridericum</span> <span class='ocrx_word' id='word_1_5' title='bbox 504 363 632 451; x_wconf 86' lang='lat' dir='ltr'>Burger</span> <span class='ocrx_word' id='word_1_6' title='bbox 650 364 848 451; x_wconf 82' lang='lat' dir='ltr'>Spirensem,</span> <span class='ocrx_word' id='word_1_7' title='bbox 867 365 1017 431; x_wconf 85' lang='lat' dir='ltr'>Lutetiae</span> <span class='ocrx_word' id='word_1_8' title='bbox 1032 365 1123 433; x_wconf 86' lang='lat' dir='ltr'>Pari-</span> 
     </span>
     <span class='ocr_line' id='line_1_3' title="bbox 105 455 1121 541; baseline 0 -20"><span class='ocrx_word' id='word_1_9' title='bbox 105 457 228 522; x_wconf 90' lang='lat' dir='ltr'>siorum</span> <span class='ocrx_word' id='word_1_10' title='bbox 242 459 314 521; x_wconf 91' lang='lat' dir='ltr'>tum</span> <span class='ocrx_word' id='word_1_11' title='bbox 329 455 509 540; x_wconf 85' lang='lat' dir='ltr'>degentem,</span> <span class='ocrx_word' id='word_1_12' title='bbox 522 455 574 521; x_wconf 93' lang='lat' dir='ltr'>cui</span> <span class='ocrx_word' id='word_1_13' title='bbox 588 477 648 540; x_wconf 93' lang='lat' dir='ltr'>pro</span> <span class='ocrx_word' id='word_1_14' title='bbox 663 456 770 520; x_wconf 86' lang='lat' dir='ltr'>officio</span> <span class='ocrx_word' id='word_1_15' title='bbox 784 455 994 541; x_wconf 85' lang='lat' dir='ltr'>paratissimo</span> <span class='ocrx_word' id='word_1_16' title='bbox 1010 456 1121 521; x_wconf 90' lang='lat' dir='ltr'>animo</span> 
     </span>
     <span class='ocr_line' id='line_1_4' title="bbox 104 543 1122 630; baseline 0 -21"><span class='ocrx_word' id='word_1_17' title='bbox 104 545 263 630; x_wconf 87' lang='lat' dir='ltr'>praestito</span> <span class='ocrx_word' id='word_1_18' title='bbox 281 544 434 609; x_wconf 92' lang='lat' dir='ltr'>hocloco</span> <span class='ocrx_word' id='word_1_19' title='bbox 459 543 583 630; x_wconf 83' lang='lat' dir='ltr'>gratius</span> <span class='ocrx_word' id='word_1_20' title='bbox 607 564 671 630; x_wconf 83' lang='lat' dir='ltr'>ago</span> <span class='ocrx_word' id='word_1_21' title='bbox 695 543 868 627; x_wconf 85' lang='lat' dir='ltr'>maximas,</span> <span class='ocrx_word' id='word_1_22' title='bbox 891 543 1122 610; x_wconf 88' lang='lat' dir='ltr'>exscribendos</span> 
     </span>
     <span class='ocr_line' id='line_1_5' title="bbox 104 631 1122 718; baseline 0 -20"><span class='ocrx_word' id='word_1_23' title='bbox 104 632 225 699; x_wconf 86' lang='lat' dir='ltr'>curari.</span> <span class='ocrx_word' id='word_1_24' title='bbox 278 631 460 718; x_wconf 74' lang='lat' dir='ltr'><strong>Septimum</strong></span> <span class='ocrx_word' id='word_1_25' title='bbox 498 632 642 697; x_wconf 85' lang='lat' dir='ltr'>codicem</span> <span class='ocrx_word' id='word_1_26' title='bbox 679 655 778 697; x_wconf 90' lang='lat' dir='ltr'>manu</span> <span class='ocrx_word' id='word_1_27' title='bbox 815 632 973 716; x_wconf 86' lang='lat' dir='ltr'>scriptum</span> <span class='ocrx_word' id='word_1_28' title='bbox 1010 633 1122 718; x_wconf 85' lang='lat' dir='ltr'>regiae</span> 
     </span>
     <span class='ocr_line' id='line_1_6' title="bbox 104 719 1122 804; baseline 0 -18"><span class='ocrx_word' id='word_1_29' title='bbox 104 722 324 787; x_wconf 74' lang='lat' dir='ltr'>bibliothecae</span> <span class='ocrx_word' id='word_1_30' title='bbox 346 719 582 804; x_wconf 88' lang='lat' dir='ltr'>Bruxellensis,</span> <span class='ocrx_word' id='word_1_31' title='bbox 610 743 707 804; x_wconf 88' lang='lat' dir='ltr'>quem</span> <span class='ocrx_word' id='word_1_32' title='bbox 730 719 869 786; x_wconf 86' lang='lat' dir='ltr'>Carmen</span> <span class='ocrx_word' id='word_1_33' title='bbox 898 721 937 784; x_wconf 90' lang='lat' dir='ltr'>de</span> <span class='ocrx_word' id='word_1_34' title='bbox 966 719 998 786; x_wconf 82' lang='grc'>8.</span> <span class='ocrx_word' id='word_1_35' title='bbox 1020 720 1122 786; x_wconf 83' lang='lat' dir='ltr'>Lucia</span> 
     </span>
     <span class='ocr_line' id='line_1_7' title="bbox 104 809 1122 893; baseline 0 -17"><span class='ocrx_word' id='word_1_36' title='bbox 104 810 226 876; x_wconf 89' lang='lat' dir='ltr'>habere</span> <span class='ocrx_word' id='word_1_37' title='bbox 259 811 403 875; x_wconf 86' lang='lat' dir='ltr'>monitus</span> <span class='ocrx_word' id='word_1_38' title='bbox 436 831 538 893; x_wconf 84' lang='lat' dir='ltr'>eram,</span> <span class='ocrx_word' id='word_1_39' title='bbox 575 812 651 893; x_wconf 86' lang='lat' dir='ltr'>quia</span> <span class='ocrx_word' id='word_1_40' title='bbox 687 809 961 893; x_wconf 88' lang='lat' dir='ltr'>pretiosissimum</span> <span class='ocrx_word' id='word_1_41' title='bbox 998 809 1122 876; x_wconf 91' lang='lat' dir='ltr'>librum</span> 
     </span>
     <span class='ocr_line' id='line_1_8' title="bbox 105 897 1122 984; baseline -0.002 -20"><span class='ocrx_word' id='word_1_42' title='bbox 105 900 170 965; x_wconf 93' lang='lat' dir='ltr'>alio</span> <span class='ocrx_word' id='word_1_43' title='bbox 194 899 324 964; x_wconf 92' lang='lat' dir='ltr'>mittere</span> <span class='ocrx_word' id='word_1_44' title='bbox 347 897 564 963; x_wconf 77' lang='lat' dir='ltr'>bibliothecae</span> <span class='ocrx_word' id='word_1_45' title='bbox 592 898 718 984; x_wconf 86' lang='lat' dir='ltr'>legibus</span> <span class='ocrx_word' id='word_1_46' title='bbox 747 920 813 963; x_wconf 88' lang='lat' dir='ltr'>non</span> <span class='ocrx_word' id='word_1_47' title='bbox 841 898 975 982; x_wconf 81' lang='lat' dir='ltr'>licebat,</span> <span class='ocrx_word' id='word_1_48' title='bbox 1000 897 1122 963; x_wconf 84' lang='lat' dir='ltr'>Ourer-</span> 
     </span>
     <span class='ocr_line' id='line_1_9' title="bbox 103 986 1121 1072; baseline 0 -20"><span class='ocrx_word' id='word_1_49' title='bbox 103 988 200 1053; x_wconf 86' lang='lat' dir='ltr'>leaux</span> <span class='ocrx_word' id='word_1_50' title='bbox 219 987 487 1052; x_wconf 89' lang='lat' dir='ltr'>bibliothecarius</span> <span class='ocrx_word' id='word_1_51' title='bbox 511 989 629 1071; x_wconf 85' lang='lat' dir='ltr'>rogatu</span> <span class='ocrx_word' id='word_1_52' title='bbox 652 1008 724 1051; x_wconf 92' lang='lat' dir='ltr'>meo</span> <span class='ocrx_word' id='word_1_53' title='bbox 745 987 926 1072; x_wconf 77' lang='lat' dir='ltr'>exscripsit.</span> <span class='ocrx_word' id='word_1_54' title='bbox 967 986 1014 1050; x_wconf 87' lang='lat' dir='ltr'>At</span> <span class='ocrx_word' id='word_1_55' title='bbox 1035 992 1121 1052; x_wconf 84' lang='lat' dir='ltr'>octa·</span> 
     </span>
     <span class='ocr_line' id='line_1_10' title="bbox 103 1074 1121 1160; baseline -0.001 -19"><span class='ocrx_word' id='word_1_56' title='bbox 103 1099 180 1141; x_wconf 87' lang='lat' dir='ltr'>vum</span> <span class='ocrx_word' id='word_1_57' title='bbox 203 1075 352 1141; x_wconf 89' lang='lat' dir='ltr'>libellum</span> <span class='ocrx_word' id='word_1_58' title='bbox 375 1075 633 1160; x_wconf 84' lang='lat' dir='ltr'>membraneum,</span> <span class='ocrx_word' id='word_1_59' title='bbox 656 1075 767 1140; x_wconf 91' lang='lat' dir='ltr'>decem</span> <span class='ocrx_word' id='word_1_60' title='bbox 784 1074 874 1140; x_wconf 90' lang='lat' dir='ltr'>foliis</span> <span class='ocrx_word' id='word_1_61' title='bbox 892 1097 991 1140; x_wconf 89' lang='lat' dir='ltr'>unam</span> <span class='ocrx_word' id='word_1_62' title='bbox 1006 1074 1121 1140; x_wconf 87' lang='lat' dir='ltr'>Vitam</span> 
     </span>
     <span class='ocr_line' id='line_1_11' title="bbox 104 1161 1121 1248; baseline 0 -19"><span class='ocrx_word' id='word_1_63' title='bbox 104 1163 135 1229; x_wconf 81' lang='lat' dir='ltr'>S.</span> <span class='ocrx_word' id='word_1_64' title='bbox 155 1162 282 1229; x_wconf 79' lang='lat' dir='ltr'>Gisleni</span> <span class='ocrx_word' id='word_1_65' title='bbox 305 1163 512 1228; x_wconf 86' lang='lat' dir='ltr'>exhibentem</span> <span class='ocrx_word' id='word_1_66' title='bbox 536 1161 720 1248; x_wconf 84' lang='lat' dir='ltr'>Oampbell‚</span> <span class='ocrx_word' id='word_1_67' title='bbox 746 1164 797 1228; x_wconf 85' lang='lat' dir='ltr'>vir</span> <span class='ocrx_word' id='word_1_68' title='bbox 820 1164 1035 1247; x_wconf 58' lang='lat' dir='ltr'>clarissimus</span> <span class='ocrx_word' id='word_1_69' title='bbox 1065 1166 1121 1248; x_wconf 92' lang='lat' dir='ltr'>qui</span> 
     </span>
     <span class='ocr_line' id='line_1_12' title="bbox 101 1251 1121 1338; baseline 0.003 -22"><span class='ocrx_word' id='word_1_70' title='bbox 101 1252 249 1338; x_wconf 84' lang='lat' dir='ltr'>Hagensi</span> <span class='ocrx_word' id='word_1_71' title='bbox 272 1252 492 1317; x_wconf 86' lang='lat' dir='ltr'>bibliothecae</span> <span class='ocrx_word' id='word_1_72' title='bbox 515 1251 638 1336; x_wconf 85' lang='lat' dir='ltr'>regiae,</span> <span class='ocrx_word' id='word_1_73' title='bbox 666 1252 722 1317; x_wconf 91' lang='lat' dir='ltr'>ubi</span> <span class='ocrx_word' id='word_1_74' title='bbox 745 1252 846 1317; x_wconf 86' lang='lat' dir='ltr'>codex</span> <span class='ocrx_word' id='word_1_75' title='bbox 869 1252 926 1317; x_wconf 89' lang='lat' dir='ltr'>ille</span> <span class='ocrx_word' id='word_1_76' title='bbox 950 1274 1121 1319; x_wconf 85' lang='lat' dir='ltr'>conserva·</span> 
     </span>
     <span class='ocr_line' id='line_1_13' title="bbox 101 1340 1120 1427; baseline 0 -21"><span class='ocrx_word' id='word_1_77' title='bbox 101 1345 165 1425; x_wconf 90' lang='lat' dir='ltr'>tur,</span> <span class='ocrx_word' id='word_1_78' title='bbox 188 1345 332 1425; x_wconf 87' lang='lat' dir='ltr'>praeest,</span> <span class='ocrx_word' id='word_1_79' title='bbox 356 1341 516 1427; x_wconf 80' lang='lat' dir='ltr'>singulari</span> <span class='ocrx_word' id='word_1_80' title='bbox 539 1340 739 1406; x_wconf 85' lang='lat' dir='ltr'>liberalitate</span> <span class='ocrx_word' id='word_1_81' title='bbox 761 1344 799 1405; x_wconf 91' lang='lat' dir='ltr'>ut</span> <span class='ocrx_word' id='word_1_82' title='bbox 822 1342 893 1426; x_wconf 87' lang='lat' dir='ltr'>ipse</span> <span class='ocrx_word' id='word_1_83' title='bbox 917 1342 1120 1425; x_wconf 87' lang='lat' dir='ltr'>aliquamdiu</span> 
     </span>
     <span class='ocr_line' id='line_1_14' title="bbox 102 1429 752 1496; baseline 0.003 -2"><span class='ocrx_word' id='word_1_84' title='bbox 102 1429 254 1495; x_wconf 84' lang='lat' dir='ltr'>manibus</span> <span class='ocrx_word' id='word_1_85' title='bbox 276 1433 454 1496; x_wconf 76' lang='lat' dir='ltr'>tractarem</span> <span class='ocrx_word' id='word_1_86' title='bbox 477 1429 559 1494; x_wconf 89' lang='lat' dir='ltr'>mihi</span> <span class='ocrx_word' id='word_1_87' title='bbox 582 1430 752 1496; x_wconf 86' lang='lat' dir='ltr'>concessit.</span> 
     </span>
    </p>

    <p class='ocr_par' dir='ltr' id='par_1_3' title="bbox 103 1517 1120 1960">
     <span class='ocr_line' id='line_1_15' title="bbox 191 1517 1120 1603; baseline 0 -19"><span class='ocrx_word' id='word_1_88' title='bbox 191 1517 312 1584; x_wconf 88' lang='lat' dir='ltr'>Omnes</span> <span class='ocrx_word' id='word_1_89' title='bbox 334 1519 371 1583; x_wconf 92' lang='lat' dir='ltr'>hi</span> <span class='ocrx_word' id='word_1_90' title='bbox 394 1519 521 1584; x_wconf 89' lang='lat' dir='ltr'>codices</span> <span class='ocrx_word' id='word_1_91' title='bbox 544 1539 643 1585; x_wconf 89' lang='lat' dir='ltr'>manu</span> <span class='ocrx_word' id='word_1_92' title='bbox 666 1518 783 1603; x_wconf 89' lang='lat' dir='ltr'>scripti</span> <span class='ocrx_word' id='word_1_93' title='bbox 803 1519 892 1584; x_wconf 85' lang='lat' dir='ltr'>intra</span> <span class='ocrx_word' id='word_1_94' title='bbox 909 1541 1033 1584; x_wconf 89' lang='lat' dir='ltr'>nonum</span> <span class='ocrx_word' id='word_1_95' title='bbox 1052 1541 1120 1584; x_wconf 82' lang='lat' dir='ltr'>sae·</span> 
     </span>
     <span class='ocr_line' id='line_1_16' title="bbox 103 1606 1120 1693; baseline 0 -20"><span class='ocrx_word' id='word_1_96' title='bbox 103 1609 213 1674; x_wconf 90' lang='lat' dir='ltr'>culum</span> <span class='ocrx_word' id='word_1_97' title='bbox 223 1611 259 1672; x_wconf 88' lang='lat' dir='ltr'>et</span> <span class='ocrx_word' id='word_1_98' title='bbox 271 1606 497 1674; x_wconf 84' lang='lat' dir='ltr'>duodecimum</span> <span class='ocrx_word' id='word_1_99' title='bbox 512 1607 636 1672; x_wconf 86' lang='lat' dir='ltr'>exarati</span> <span class='ocrx_word' id='word_1_100' title='bbox 649 1612 735 1691; x_wconf 90' lang='lat' dir='ltr'>sunt,</span> <span class='ocrx_word' id='word_1_101' title='bbox 748 1629 885 1693; x_wconf 91' lang='lat' dir='ltr'>quorum</span> <span class='ocrx_word' id='word_1_102' title='bbox 899 1608 1120 1692; x_wconf 86' lang='lat' dir='ltr'>antiquissimi</span> 
     </span>
     <span class='ocr_line' id='line_1_17' title="bbox 103 1694 1119 1781; baseline 0.001 -20"><span class='ocrx_word' id='word_1_103' title='bbox 103 1697 167 1762; x_wconf 93' lang='lat' dir='ltr'>duc</span> <span class='ocrx_word' id='word_1_104' title='bbox 196 1697 322 1763; x_wconf 90' lang='lat' dir='ltr'>codices</span> <span class='ocrx_word' id='word_1_105' title='bbox 350 1697 562 1777; x_wconf 88' lang='lat' dir='ltr'>Parisienses,</span> <span class='ocrx_word' id='word_1_106' title='bbox 588 1696 894 1762; x_wconf 66' lang='lat' dir='ltr'>elementem</span> <span class='ocrx_word' id='word_1_107' title='bbox 923 1694 954 1761; x_wconf 86' lang='lat' dir='ltr'>S.</span> <span class='ocrx_word' id='word_1_108' title='bbox 977 1695 1119 1781; x_wconf 81' lang='lat' dir='ltr'>Agnetis</span> 
     </span>
     <span class='ocr_line' id='line_1_18' title="bbox 103 1785 1120 1870; baseline -0.003 -18"><span class='ocrx_word' id='word_1_109' title='bbox 103 1786 146 1852; x_wconf 82' lang='lat' dir='ltr'>ab</span> <span class='ocrx_word' id='word_1_110' title='bbox 169 1785 264 1852; x_wconf 87' lang='lat' dir='ltr'>initio</span> <span class='ocrx_word' id='word_1_111' title='bbox 287 1808 390 1870; x_wconf 89' lang='lat' dir='ltr'>nsque</span> <span class='ocrx_word' id='word_1_112' title='bbox 417 1786 458 1853; x_wconf 86' lang='lat' dir='ltr'>ad</span> <span class='ocrx_word' id='word_1_113' title='bbox 484 1785 601 1851; x_wconf 83' lang='lat' dir='ltr'>folium</span> <span class='ocrx_word' id='word_1_114' title='bbox 625 1789 777 1852; x_wconf 82' lang='lat' dir='ltr'>octavum</span> <span class='ocrx_word' id='word_1_115' title='bbox 800 1791 834 1852; x_wconf 91' lang='lat' dir='ltr'>et</span> <span class='ocrx_word' id='word_1_116' title='bbox 859 1785 1026 1850; x_wconf 84' lang='lat' dir='ltr'>n.14143</span> <span class='ocrx_word' id='word_1_117' title='bbox 1051 1808 1120 1850; x_wconf 88' lang='lat' dir='ltr'>car-</span> 
     </span>
     <span class='ocr_line' id='line_1_19' title="bbox 103 1873 1119 1960; baseline 0.001 -22"><span class='ocrx_word' id='word_1_118' title='bbox 103 1896 179 1939; x_wconf 89' lang='lat' dir='ltr'>men</span> <span class='ocrx_word' id='word_1_119' title='bbox 212 1875 252 1941; x_wconf 91' lang='lat' dir='ltr'>de</span> <span class='ocrx_word' id='word_1_120' title='bbox 288 1873 319 1941; x_wconf 82' lang='lat' dir='ltr'>S.</span> <span class='ocrx_word' id='word_1_121' title='bbox 348 1873 505 1952; x_wconf 80' lang='lat' dir='ltr'>Quintino</span> <span class='ocrx_word' id='word_1_122' title='bbox 539 1897 558 1940; x_wconf 88' lang='lat' dir='ltr'>a</span> <span class='ocrx_word' id='word_1_123' title='bbox 588 1874 669 1941; x_wconf 88' lang='lat' dir='ltr'>folio</span> <span class='ocrx_word' id='word_1_124' title='bbox 702 1875 943 1960; x_wconf 85' lang='lat' dir='ltr'>septuagesimo</span> <span class='ocrx_word' id='word_1_125' title='bbox 977 1876 1119 1939; x_wconf 86' lang='lat' dir='ltr'>secundo</span> 
     </span>
    </p>
   </div>
   <div class='ocr_carea' id='block_1_3' title="bbox 101 1963 1120 2219">
    <p class='ocr_par' dir='ltr' id='par_1_4' title="bbox 101 1963 1120 2219">
     <span class='ocr_line' id='line_1_20' title="bbox 102 1963 1119 2050; baseline 0.002 -24"><span class='ocrx_word' id='word_1_126' title='bbox 102 1985 207 2048; x_wconf 89' lang='lat' dir='ltr'>usque</span> <span class='ocrx_word' id='word_1_127' title='bbox 227 1964 269 2029; x_wconf 86' lang='lat' dir='ltr'>ad</span> <span class='ocrx_word' id='word_1_128' title='bbox 287 1964 523 2050; x_wconf 87' lang='lat' dir='ltr'>octogesimum</span> <span class='ocrx_word' id='word_1_129' title='bbox 543 1963 682 2028; x_wconf 85' lang='lat' dir='ltr'>alterum</span> <span class='ocrx_word' id='word_1_130' title='bbox 702 1963 902 2046; x_wconf 82' lang='lat' dir='ltr'>exhibentes,</span> <span class='ocrx_word' id='word_1_131' title='bbox 920 1963 1119 2028; x_wconf 87' lang='lat' dir='ltr'>novissimus</span> 
     </span>
     <span class='ocr_line' id='line_1_21' title="bbox 102 2049 1120 2117; baseline 0.002 -3"><span class='ocrx_word' id='word_1_132' title='bbox 102 2049 323 2116; x_wconf 81' lang='lat' dir='ltr'>Bruxeliensis</span> <span class='ocrx_word' id='word_1_133' title='bbox 350 2073 380 2115; x_wconf 94' lang='lat' dir='ltr'>n.</span> <span class='ocrx_word' id='word_1_134' title='bbox 403 2051 688 2117; x_wconf 80' lang='grc'><strong>10615-10729</strong></span> <span class='ocrx_word' id='word_1_135' title='bbox 708 2049 849 2115; x_wconf 79' lang='lat' dir='ltr'>Carmen</span> <span class='ocrx_word' id='word_1_136' title='bbox 872 2052 910 2114; x_wconf 93' lang='lat' dir='ltr'>de</span> <span class='ocrx_word' id='word_1_137' title='bbox 929 2049 961 2114; x_wconf 79' lang='lat' dir='ltr'>S.</span> <span class='ocrx_word' id='word_1_138' title='bbox 976 2050 1077 2116; x_wconf 82' lang='lat' dir='ltr'>Lucia</span> <span class='ocrx_word' id='word_1_139' title='bbox 1101 2076 1120 2116; x_wconf 88' lang='lat' dir='ltr'>a</span> 
     </span>
     <span class='ocr_line' id='line_1_22' title="bbox 101 2137 1120 2219; baseline 0.002 -17"><span class='ocrx_word' id='word_1_140' title='bbox 101 2139 183 2204; x_wconf 88' lang='lat' dir='ltr'>folio</span> <span class='ocrx_word' id='word_1_141' title='bbox 202 2139 422 2203; x_wconf 84' lang='lat' dir='ltr'>ducentesimo</span> <span class='ocrx_word' id='word_1_142' title='bbox 441 2137 629 2201; x_wconf 89' lang='lat' dir='ltr'>duodecimo</span> <span class='ocrx_word' id='word_1_143' title='bbox 643 2158 738 2200; x_wconf 83' lang='lat' dir='ltr'>verso</span> <span class='ocrx_word' id='word_1_144' title='bbox 757 2159 859 2219; x_wconf 87' lang='lat' dir='ltr'>usque</span> <span class='ocrx_word' id='word_1_145' title='bbox 878 2137 919 2200; x_wconf 86' lang='lat' dir='ltr'>ad</span> <span class='ocrx_word' id='word_1_146' title='bbox 938 2137 1120 2204; x_wconf 88' lang='lat' dir='ltr'>ducentesi-</span> 
     </span>
    </p>
   </div>
   <div class='ocr_carea' id='block_1_4' title="bbox 99 2222 1140 2663">
    <p class='ocr_par' dir='ltr' id='par_1_5' title="bbox 99 2222 1140 2663">
     <span class='ocr_line' id='line_1_23' title="bbox 100 2222 1117 2309; baseline 0.002 -22"><span class='ocrx_word' id='word_1_147' title='bbox 100 2247 191 2288; x_wconf 92' lang='lat' dir='ltr'>mum</span> <span class='ocrx_word' id='word_1_148' title='bbox 215 2229 367 2309; x_wconf 80' lang='lat' dir='ltr'>quartum</span> <span class='ocrx_word' id='word_1_149' title='bbox 390 2223 550 2287; x_wconf 89' lang='lat' dir='ltr'>decimum</span> <span class='ocrx_word' id='word_1_150' title='bbox 572 2222 741 2286; x_wconf 87' lang='lat' dir='ltr'>continens</span> <span class='ocrx_word' id='word_1_151' title='bbox 764 2223 903 2305; x_wconf 84' lang='lat' dir='ltr'>putandi</span> <span class='ocrx_word' id='word_1_152' title='bbox 926 2226 1010 2285; x_wconf 87' lang='lat' dir='ltr'>suut.</span> <span class='ocrx_word' id='word_1_153' title='bbox 1055 2227 1117 2289; x_wconf 91' lang='lat' dir='ltr'>De-</span> 
     </span>
     <span class='ocr_line' id='line_1_24' title="bbox 100 2307 1114 2377; baseline 0 -1"><span class='ocrx_word' id='word_1_154' title='bbox 100 2312 177 2376; x_wconf 89' lang='lat' dir='ltr'>cimi</span> <span class='ocrx_word' id='word_1_155' title='bbox 219 2313 338 2377; x_wconf 86' lang='lat' dir='ltr'>sacculi</span> <span class='ocrx_word' id='word_1_156' title='bbox 373 2310 501 2374; x_wconf 85' lang='lat' dir='ltr'>ridetur</span> <span class='ocrx_word' id='word_1_157' title='bbox 538 2330 607 2374; x_wconf 91' lang='lat' dir='ltr'>esse</span> <span class='ocrx_word' id='word_1_158' title='bbox 649 2309 730 2372; x_wconf 90' lang='lat' dir='ltr'>alter</span> <span class='ocrx_word' id='word_1_159' title='bbox 767 2308 869 2372; x_wconf 92' lang='lat' dir='ltr'>codex</span> <span class='ocrx_word' id='word_1_160' title='bbox 904 2307 1114 2375; x_wconf 88' lang='lat' dir='ltr'>Monacensis</span> 
     </span>
     <span class='ocr_line' id='line_1_25' title="bbox 99 2395 1114 2502; baseline -0.001 -38"><span class='ocrx_word' id='word_1_161' title='bbox 99 2421 131 2464; x_wconf 91' lang='lat'>11.</span> <span class='ocrx_word' id='word_1_162' title='bbox 146 2399 197 2501; x_wconf 26' lang='grc'>,19</span> <span class='ocrx_word' id='word_1_163' title='bbox 208 2399 287 2483; x_wconf 88' lang='grc'>413,</span> <span class='ocrx_word' id='word_1_164' title='bbox 306 2398 376 2502; x_wconf 34' lang='lat' dir='ltr'>&#39;ubi</span> <span class='ocrx_word' id='word_1_165' title='bbox 406 2420 426 2463; x_wconf 89' lang='lat' dir='ltr'>a</span> <span class='ocrx_word' id='word_1_166' title='bbox 452 2397 534 2501; x_wconf 80' lang='lat' dir='ltr'>folio</span> <span class='ocrx_word' id='word_1_167' title='bbox 561 2395 726 2500; x_wconf 81' lang='lat' dir='ltr'>tricesimo</span> <span class='ocrx_word' id='word_1_168' title='bbox 754 2397 856 2462; x_wconf 87' lang='lat' dir='ltr'>tertio</span> <span class='ocrx_word' id='word_1_169' title='bbox 883 2420 913 2500; x_wconf 67' lang='lat' dir='ltr'>r.</span> <span class='ocrx_word' id='word_1_170' title='bbox 941 2418 1044 2499; x_wconf 82' lang='lat' dir='ltr'>usque</span> <span class='ocrx_word' id='word_1_171' title='bbox 1073 2400 1114 2463; x_wconf 89' lang='lat' dir='ltr'>ad</span> 
     </span>
     <span class='ocr_line' id='line_1_26' title="bbox 100 2482 1140 2663; baseline 0.001 -22"><span class='ocrx_word' id='word_1_172' title='bbox 100 2482 1140 2663; x_wconf 57' lang='grc' dir='ltr'>111111111411,111131,1171ἓ11713331ῗί41111Χ</span> 
     </span>
    </p>
   </div>
   <div class='ocr_carea' id='block_1_5' title="bbox 101 2663 1116 2755">
    <p class='ocr_par' dir='ltr' id='par_1_6' title="bbox 101 2663 1116 2755">
     <span class='ocr_line' id='line_1_27' title="bbox 101 2663 1116 2755; baseline 0.002 -26"><span class='ocrx_word' id='word_1_173' title='bbox 101 2663 146 2751; x_wconf 79' lang='lat' dir='ltr'>(S.</span> <span class='ocrx_word' id='word_1_174' title='bbox 162 2663 316 2730; x_wconf 78' lang='lat' dir='ltr'>Germani</span> <span class='ocrx_word' id='word_1_175' title='bbox 339 2687 359 2730; x_wconf 94' lang='lat' dir='ltr'>a</span> <span class='ocrx_word' id='word_1_176' title='bbox 377 2666 485 2731; x_wconf 87' lang='lat' dir='ltr'>Pratis</span> <span class='ocrx_word' id='word_1_177' title='bbox 507 2688 539 2731; x_wconf 86' lang='lat' dir='ltr'>n.</span> <span class='ocrx_word' id='word_1_178' title='bbox 555 2667 630 2752; x_wconf 91' lang='grc'>777,</span> <span class='ocrx_word' id='word_1_179' title='bbox 648 2667 727 2732; x_wconf 91' lang='lat' dir='ltr'>olim</span> <span class='ocrx_word' id='word_1_180' title='bbox 745 2663 837 2755; x_wconf 82' lang='lat'><strong>448),</strong></span> <span class='ocrx_word' id='word_1_181' title='bbox 859 2666 894 2731; x_wconf 91' lang='lat' dir='ltr'>in</span> <span class='ocrx_word' id='word_1_182' title='bbox 914 2688 976 2751; x_wconf 89' lang='lat' dir='ltr'>quo</span> <span class='ocrx_word' id='word_1_183' title='bbox 997 2687 1016 2730; x_wconf 89' lang='lat' dir='ltr'>a</span> <span class='ocrx_word' id='word_1_184' title='bbox 1035 2666 1116 2731; x_wconf 82' lang='lat' dir='ltr'>folio</span> 
     </span>
    </p>
   </div>
   <div class='ocr_carea' id='block_1_6' title="bbox 100 2755 1118 2929">
    <p class='ocr_par' dir='ltr' id='par_1_7' title="bbox 100 2755 1118 2929">
     <span class='ocr_line' id='line_1_28' title="bbox 101 2755 1118 2841; baseline -0.001 -22"><span class='ocrx_word' id='word_1_185' title='bbox 101 2755 342 2840; x_wconf 85' lang='lat' dir='ltr'>septuagesimo</span> <span class='ocrx_word' id='word_1_186' title='bbox 366 2756 466 2820; x_wconf 88' lang='lat' dir='ltr'>tertio</span> <span class='ocrx_word' id='word_1_187' title='bbox 488 2777 591 2841; x_wconf 89' lang='lat' dir='ltr'>usque</span> <span class='ocrx_word' id='word_1_188' title='bbox 615 2756 657 2821; x_wconf 88' lang='lat' dir='ltr'>ad</span> <span class='ocrx_word' id='word_1_189' title='bbox 682 2757 961 2841; x_wconf 84' lang='lat' dir='ltr'>septuagesimum</span> <span class='ocrx_word' id='word_1_190' title='bbox 990 2759 1118 2819; x_wconf 89' lang='lat' dir='ltr'>sextum</span> 
     </span>
     <span class='ocr_line' id='line_1_29' title="bbox 100 2840 1118 2929; baseline 0.001 -22"><span class='ocrx_word' id='word_1_191' title='bbox 100 2841 181 2908; x_wconf 88' lang='lat' dir='ltr'>Vita</span> <span class='ocrx_word' id='word_1_192' title='bbox 204 2841 234 2908; x_wconf 88' lang='lat' dir='ltr'>S.</span> <span class='ocrx_word' id='word_1_193' title='bbox 254 2840 405 2909; x_wconf 81' lang='lat' dir='ltr'>Cassiam</span> <span class='ocrx_word' id='word_1_194' title='bbox 429 2847 545 2909; x_wconf 85' lang='lat' dir='ltr'>exstat.</span> <span class='ocrx_word' id='word_1_195' title='bbox 587 2844 717 2928; x_wconf 84' lang='lat' dir='ltr'>Reliqui</span> <span class='ocrx_word' id='word_1_196' title='bbox 740 2845 877 2929; x_wconf 88' lang='lat' dir='ltr'>codices,</span> <span class='ocrx_word' id='word_1_197' title='bbox 900 2843 1118 2910; x_wconf 65' lang='grc' dir='ltr'><strong>101101Μο00·-</strong></span> 
     </span>
    </p>
   </div>
   <div class='ocr_carea' id='block_1_7' title="bbox 100 2929 1118 3632">
    <p class='ocr_par' dir='ltr' id='par_1_8' title="bbox 100 2929 1118 3632">
     <span class='ocr_line' id='line_1_30' title="bbox 101 2929 1118 3018; baseline 0 -20"><span class='ocrx_word' id='word_1_198' title='bbox 101 2931 206 2998; x_wconf 86' lang='lat' dir='ltr'>censis</span> <span class='ocrx_word' id='word_1_199' title='bbox 228 2953 260 2997; x_wconf 90' lang='lat' dir='ltr'>n.</span> <span class='ocrx_word' id='word_1_200' title='bbox 275 2932 316 2998; x_wconf 90' lang='lat'>18</span> <span class='ocrx_word' id='word_1_201' title='bbox 328 2932 393 2998; x_wconf 84' lang='grc'>628</span> <span class='ocrx_word' id='word_1_202' title='bbox 413 2929 467 3018; x_wconf 86' lang='lat' dir='ltr'>(cf.</span> <span class='ocrx_word' id='word_1_203' title='bbox 486 2931 596 2997; x_wconf 90' lang='lat' dir='ltr'>Neues</span> <span class='ocrx_word' id='word_1_204' title='bbox 614 2932 739 2998; x_wconf 83' lang='lat' dir='ltr'>Archiv</span> <span class='ocrx_word' id='word_1_205' title='bbox 756 2932 815 2997; x_wconf 90' lang='lat' dir='ltr'>IV.</span> <span class='ocrx_word' id='word_1_206' title='bbox 834 2934 899 2999; x_wconf 80' lang='grc'>278</span> <span class='ocrx_word' id='word_1_207' title='bbox 919 2936 952 2998; x_wconf 91' lang='lat' dir='ltr'>ct</span> <span class='ocrx_word' id='word_1_208' title='bbox 970 2930 1010 2997; x_wconf 92' lang='lat' dir='ltr'>V.</span> <span class='ocrx_word' id='word_1_209' title='bbox 1029 2931 1118 3018; x_wconf 85' lang='lat'>630),</span> 
     </span>
     <span class='ocr_line' id='line_1_31' title="bbox 100 3017 1118 3107; baseline 0.001 -22"><span class='ocrx_word' id='word_1_210' title='bbox 100 3019 295 3086; x_wconf 87' lang='lat' dir='ltr'>Parisiensis</span> <span class='ocrx_word' id='word_1_211' title='bbox 331 3042 362 3085; x_wconf 93' lang='lat' dir='ltr'>n.</span> <span class='ocrx_word' id='word_1_212' title='bbox 393 3020 510 3085; x_wconf 85' lang='grc'><strong>10851</strong></span> <span class='ocrx_word' id='word_1_213' title='bbox 548 3017 604 3106; x_wconf 82' lang='grc'><strong>(01.</strong></span> <span class='ocrx_word' id='word_1_214' title='bbox 636 3020 745 3086; x_wconf 88' lang='lat' dir='ltr'>Neues</span> <span class='ocrx_word' id='word_1_215' title='bbox 782 3019 906 3086; x_wconf 81' lang='lat' dir='ltr'>Archiv</span> <span class='ocrx_word' id='word_1_216' title='bbox 939 3020 995 3084; x_wconf 93' lang='lat' dir='ltr'>Vl.</span> <span class='ocrx_word' id='word_1_217' title='bbox 1027 3022 1118 3107; x_wconf 80' lang='lat'><strong>485),</strong></span> 
     </span>
     <span class='ocr_line' id='line_1_32' title="bbox 100 3107 1117 3196; baseline 0 -23"><span class='ocrx_word' id='word_1_218' title='bbox 100 3107 264 3196; x_wconf 85' lang='lat' dir='ltr'>Hagensis</span> <span class='ocrx_word' id='word_1_219' title='bbox 287 3130 320 3175; x_wconf 91' lang='lat' dir='ltr'>n.</span> <span class='ocrx_word' id='word_1_220' title='bbox 334 3109 412 3192; x_wconf 88' lang='grc'><strong>684,</strong></span> <span class='ocrx_word' id='word_1_221' title='bbox 434 3129 519 3172; x_wconf 90' lang='lat' dir='ltr'>nunc</span> <span class='ocrx_word' id='word_1_222' title='bbox 538 3107 571 3171; x_wconf 90' lang='grc' dir='ltr'>Ζ.</span> <span class='ocrx_word' id='word_1_223' title='bbox 587 3109 639 3191; x_wconf 89' lang='grc'>68,</span> <span class='ocrx_word' id='word_1_224' title='bbox 663 3109 704 3173; x_wconf 89' lang='lat' dir='ltr'>ad</span> <span class='ocrx_word' id='word_1_225' title='bbox 728 3110 891 3174; x_wconf 84' lang='lat' dir='ltr'>saeculum</span> <span class='ocrx_word' id='word_1_226' title='bbox 911 3108 1117 3173; x_wconf 90' lang='lat' dir='ltr'>undecimum</span> 
     </span>
     <span class='ocr_line' id='line_1_33' title="bbox 102 3193 1117 3280; baseline -0.002 -17"><span class='ocrx_word' id='word_1_227' title='bbox 102 3197 264 3263; x_wconf 82' lang='lat' dir='ltr'>referendi</span> <span class='ocrx_word' id='word_1_228' title='bbox 296 3201 379 3263; x_wconf 80' lang='lat' dir='ltr'>sunt</span> <span class='ocrx_word' id='word_1_229' title='bbox 425 3193 571 3272; x_wconf 84' lang='lat' dir='ltr'>Quorum</span> <span class='ocrx_word' id='word_1_230' title='bbox 602 3217 653 3278; x_wconf 84' lang='lat' dir='ltr'>ec,</span> <span class='ocrx_word' id='word_1_231' title='bbox 686 3217 783 3279; x_wconf 91' lang='lat' dir='ltr'>quem</span> <span class='ocrx_word' id='word_1_232' title='bbox 815 3196 956 3280; x_wconf 90' lang='lat' dir='ltr'>primum</span> <span class='ocrx_word' id='word_1_233' title='bbox 985 3195 1064 3277; x_wconf 84' lang='lat' dir='ltr'>dixi,</span> <span class='ocrx_word' id='word_1_234' title='bbox 1098 3219 1117 3261; x_wconf 88' lang='lat' dir='ltr'>a</span> 
     </span>
     <span class='ocr_line' id='line_1_34' title="bbox 101 3279 1117 3372; baseline 0 -23"><span class='ocrx_word' id='word_1_235' title='bbox 101 3286 183 3353; x_wconf 88' lang='lat' dir='ltr'>folio</span> <span class='ocrx_word' id='word_1_236' title='bbox 212 3290 329 3372; x_wconf 86' lang='lat' dir='ltr'>quarto</span> <span class='ocrx_word' id='word_1_237' title='bbox 355 3306 458 3371; x_wconf 86' lang='lat' dir='ltr'>usque</span> <span class='ocrx_word' id='word_1_238' title='bbox 486 3283 528 3348; x_wconf 88' lang='lat' dir='ltr'>ad</span> <span class='ocrx_word' id='word_1_239' title='bbox 554 3283 780 3349; x_wconf 87' lang='lat' dir='ltr'>duodecimum</span> <span class='ocrx_word' id='word_1_240' title='bbox 805 3282 918 3357; x_wconf 82' lang='lat' dir='ltr'>Passio</span> <span class='ocrx_word' id='word_1_241' title='bbox 947 3279 1000 3346; x_wconf 83' lang='lat' dir='ltr'>SS.</span> <span class='ocrx_word' id='word_1_242' title='bbox 1025 3280 1117 3349; x_wconf 89' lang='lat' dir='ltr'>Petri</span> 
     </span>
     <span class='ocr_line' id='line_1_35' title="bbox 103 3370 1116 3459; baseline -0.002 -21"><span class='ocrx_word' id='word_1_243' title='bbox 103 3378 136 3438; x_wconf 89' lang='lat' dir='ltr'>et</span> <span class='ocrx_word' id='word_1_244' title='bbox 160 3376 255 3440; x_wconf 91' lang='lat' dir='ltr'>Pauli</span> <span class='ocrx_word' id='word_1_245' title='bbox 279 3374 514 3459; x_wconf 87' lang='lat' dir='ltr'>Apostolorum</span> <span class='ocrx_word' id='word_1_246' title='bbox 538 3376 571 3437; x_wconf 90' lang='lat' dir='ltr'>et</span> <span class='ocrx_word' id='word_1_247' title='bbox 594 3394 614 3437; x_wconf 92' lang='lat' dir='ltr'>a</span> <span class='ocrx_word' id='word_1_248' title='bbox 636 3371 718 3437; x_wconf 82' lang='lat' dir='ltr'>folio</span> <span class='ocrx_word' id='word_1_249' title='bbox 740 3371 838 3435; x_wconf 89' lang='lat' dir='ltr'>tertio</span> <span class='ocrx_word' id='word_1_250' title='bbox 863 3370 985 3434; x_wconf 91' lang='lat' dir='ltr'>decimo</span> <span class='ocrx_word' id='word_1_251' title='bbox 1013 3391 1116 3454; x_wconf 89' lang='lat' dir='ltr'>usque</span> 
     </span>
     <span class='ocr_line' id='line_1_36' title="bbox 102 3456 1117 3547; baseline -0.002 -22"><span class='ocrx_word' id='word_1_252' title='bbox 102 3462 145 3525; x_wconf 89' lang='lat' dir='ltr'>ad</span> <span class='ocrx_word' id='word_1_253' title='bbox 178 3465 327 3547; x_wconf 90' lang='lat' dir='ltr'>quintum</span> <span class='ocrx_word' id='word_1_254' title='bbox 359 3462 518 3528; x_wconf 89' lang='lat' dir='ltr'>decimum</span> <span class='ocrx_word' id='word_1_255' title='bbox 551 3460 630 3525; x_wconf 86' lang='lat' dir='ltr'>Vita</span> <span class='ocrx_word' id='word_1_256' title='bbox 663 3458 695 3526; x_wconf 79' lang='lat' dir='ltr'>S.</span> <span class='ocrx_word' id='word_1_257' title='bbox 718 3458 865 3523; x_wconf 85' lang='lat' dir='ltr'>Verenae</span> <span class='ocrx_word' id='word_1_258' title='bbox 895 3456 1043 3542; x_wconf 81' lang='lat' dir='ltr'>Virginis</span> <span class='ocrx_word' id='word_1_259' title='bbox 1075 3460 1117 3523; x_wconf 89' lang='lat' dir='ltr'>ad</span> 
     </span>
     <span class='ocr_line' id='line_1_37' title="bbox 101 3545 1115 3632; baseline -0.003 -18"><span class='ocrx_word' id='word_1_260' title='bbox 101 3555 250 3616; x_wconf 88' lang='lat' dir='ltr'>nostram</span> <span class='ocrx_word' id='word_1_261' title='bbox 284 3555 425 3617; x_wconf 83' lang='lat' dir='ltr'>aetatem</span> <span class='ocrx_word' id='word_1_262' title='bbox 458 3553 606 3616; x_wconf 84' lang='lat' dir='ltr'>servatae</span> <span class='ocrx_word' id='word_1_263' title='bbox 639 3553 729 3632; x_wconf 88' lang='lat' dir='ltr'>sunt,</span> <span class='ocrx_word' id='word_1_264' title='bbox 764 3569 823 3612; x_wconf 90' lang='lat' dir='ltr'>nec</span> <span class='ocrx_word' id='word_1_265' title='bbox 859 3551 970 3611; x_wconf 89' lang='lat' dir='ltr'>tamen</span> <span class='ocrx_word' id='word_1_266' title='bbox 1001 3545 1115 3612; x_wconf 82' lang='lat' dir='ltr'>Passio</span> 
     </span>
    </p>
   </div>
   <div class='ocr_carea' id='block_1_8' title="bbox 0 0 1182 3946">
    <p class='ocr_par' dir='ltr' id='par_1_9' title="bbox 0 0 1182 3946">
     <span class='ocr_line' id='line_1_38' title="bbox 0 0 1182 3946; baseline 0 0"><span class='ocrx_word' id='word_1_267' title='bbox 0 0 1182 3946; x_wconf 95' lang='lat' dir='ltr'> </span> 
     </span>
    </p>
   </div>
  </div>
 </body>
</html>
