2354 3946
365 150 413 207 VI.
441 149 530 206 VITA
549 151 576 206 S.
593 150 766 207 cassum.
1032 151 1074 216 65

60 315 228 380 Romanus
252 314 379 379 celeber
401 335 526 378 necnon
548 314 722 398 bellaxque
745 312 911 380 Sicamber

61 401 202 468 Perfidia
225 403 326 487 exuti,
349 403 506 488 permulsi
528 402 612 467 lacte
635 403 711 467 fidei

10 509 41 559 2ο
61 491 154 557 Idola
176 491 321 555 siverunt
343 492 508 576 baptismo
532 513 630 575 seque
653 492 795 576 piarunt.

63 579 178 665 Sicque
201 580 404 665 prophetalis
428 581 591 664 completa
614 584 666 645 est
689 579 788 646 dictio
811 580 907 660 vatis,

62 668 152 744 Quae
175 668 263 732 canit
285 669 319 733 in
342 669 466 734 eunctis
489 669 662 753 procedere
686 669 805 733 finibus
829 668 918 733 orbis

61 757 222 840 Verbum,
246 756 441 841 discipulum
463 757 577 822 retulit
600 758 686 842 quod
709 757 836 841 lingua,
861 757 986 822 salutis.

129 912 170 966 De
190 912 371 968 conversione
389 912 513 982 Aegypti
531 916 561 1038 gt
579 912 688 996 origine
707 911 864 968 beatissimi
882 911 1010 968 Cassiani

482 1000 534 1039 con
548 1001 657 1040 essoris.

62 1093 134 1158 Hoc
157 1115 231 1158 cum
254 1091 475 1178 Memphiticis
498 1093 608 1158 lumen
628 1094 790 1160 radiasset
811 1092 846 1157 in
870 1092 946 1177 oris,

10 1199 42 1248 au
62 1181 204 1247 Nectum
229 1179 431 1266 Syrophanis
454 1186 581 1266 ponunt
603 1182 749 1268 illudque
772 1186 961 1265 capessunt,

62 1270 192 1356 Magnis
216 1271 385 1335 caelitibus
409 1270 527 1335 tribuit
550 1272 634 1355 quod
658 1294 789 1337 munere
813 1268 973 1336 Christus.

61 1359 126 1424 Hic
149 1360 302 1424 tenebras
325 1359 418 1444 pelli,
442 1359 548 1424 lucem
570 1361 673 1425 tueris
696 1361 789 1440 oriri,

61 1447 157 1513 Idola
179 1448 345 1530 frustrari,
367 1447 488 1513 vexilla
511 1449 615 1513 crucis
639 1449 796 1532 venerari,

63 1535 246 1622 Quadrigas
270 1536 416 1601 cenchris
440 1537 571 1601 sublabi
593 1536 744 1603 fluctibns
767 1537 855 1620 altis,

10 1642 43 1692 30
63 1625 166 1690 Israel
190 1626 225 1689 in
248 1625 353 1690 solido
378 1625 502 1710 gratari
525 1625 667 1690 carmine
691 1625 802 1690 mixto.

63 1713 158 1778 Unde
181 1712 244 1776 tibi
266 1713 400 1778 meritas
425 1713 568 1796 effamur,
591 1735 648 1778 rex
671 1714 757 1797 deus,
781 1713 873 1779 odas:

64 1802 156 1879 Quod
178 1801 304 1866 facinus
328 1801 448 1882 fuerat,
472 1805 530 1866 tua
553 1803 661 1888 gratia
683 1823 769 1866 nunc
792 1803 1007 1868 subabundat.

63 1891 116 1955 En
138 1893 270 1956 sanctos
294 1894 443 1976 generat,
466 1912 549 1974 quae
572 1890 651 1955 olim
675 1891 849 1956 simulacra
872 1892 1038 1974 patrabat,

63 1978 296 2044 Monomachos
320 1979 460 2065 gignens
484 1983 517 2044 et
540 2000 595 2043 eos
618 1979 812 2044 caelestibus
835 1980 960 2044 indens.

10 2084 44 2133 35
65 2067 153 2144 Quos
176 2066 264 2131 inter
287 2065 479 2132 Cassianum
502 2068 687 2150 nuperrime
710 2072 859 2133 sanctum
1096 2085 1161 2132 soor

64 2155 223 2220 Produxit
245 2178 381 2240 puerum
405 2156 510 2221 multo
534 2156 573 2221 de
596 2156 753 2242 sanguine
777 2160 916 2240 cretum,

65 2244 168 2321 Quem
192 2245 320 2328 genitor
343 2245 488 2329 locuples
511 2248 545 2309 et
568 2266 676 2310 rerum
699 2246 894 2311 emblemate
918 2245 1008 2311 divcs

64 2331 250 2398 Chrismate
272 2333 440 2417 perfusum
464 2333 585 2398 scholis
609 2334 699 2400 dedit
722 2335 941 2400 erudiendum.

65 2420 160 2485 Hunc
183 2421 257 2504 pius
282 2422 418 2486 antistes
441 2420 549 2504 Zonis,
572 2428 649 2508 post
671 2428 796 2508 martyr
819 2425 972 2507 enormis,

11 2524 46 2574 4ο
65 2508 226 2573 Instruxit
249 2510 357 2593 verbo,
380 2509 544 2575 redimivit
568 2512 723 2597 stigmate
746 2512 891 2594 pulchro.

67 2595 253 2681 Scripturas
275 2602 443 2682 peragrat,
468 2621 550 2683 quae
574 2603 650 2664 sunt
674 2622 806 2683 arcana,
828 2604 998 2684 retractat,

65 2684 135 2751 Nec
159 2685 321 2750 abduntur
344 2685 387 2770 ei,
410 2708 617 2771 quaecunque
641 2687 779 2752 obscura
801 2690 973 2774 teguntur,

65 2773 178 2838 Donec
202 2774 398 2839 catholicum
421 2776 531 2840 lumen
553 2780 740 2860 penetraret
764 2777 803 2841 ad
827 2799 977 2861 unguem.

65 2861 161 2927 Flore
184 2861 362 2927 iuventutis
385 2864 533 2929 redolens
556 2864 742 2949 primaevae
766 2864 953 2930 adolescens

138 3023 211 3072 181
231 3018 380 3074 ‘necnon’
437 3026 472 3074 20
490 3026 511 3072 F
532 3020 631 3089 ‘piari’
687 3019 907 3085 220‘0110’-
928 3019 1077 3074 c‘beatis·

65 3089 155 3144 sismi’
177 3120 210 3129 -
236 3095 270 3144 25
290 3090 512 3160 c‘syrophanis’
533 3108 569 3144 an
589 3091 820 3160 ‘hierophantis'l
843 3096 886 3142 cr
901 3090 1075 3157 ‘capescunt’

65 3165 100 3214 20
118 3166 139 3212 r
156 3159 328 3215 ‘coelitibus'
390 3167 423 3216 29
444 3161 606 3215 c‘cencris'
631 3169 653 3215 r
674 3161 794 3217 ‘teneris'
859 3166 894 3215 30
913 3168 930 3214 0
947 3160 1075 3215 ‘Israhel'

65 3236 97 3285 31
122 3237 143 3283 r
164 3232 306 3299 ‘efferrem’
381 3237 415 3286 32
439 3237 460 3283 r
480 3233 607 3300 ‘sactum’
633 3239 650 3285 0
670 3232 870 3287 ‘cubabundet'
896 3248 914 3286 a
941 3246 1076 3300 superscr.

64 3307 86 3353 r
107 3302 301 3358 ‘nutabunda’
357 3309 392 3357 34
410 3309 431 3355 r
447 3302 639 3358 ‘coelestibus’
696 3310 730 3359 38
749 3302 948 3358 c‘Xrismate’
971 3301 1076 3357 ‘scolis'

65 3377 100 3427 40
118 3379 136 3425 0
152 3372 324 3426 ‘redemivit'
342 3374 463 3428 alterum
482 3391 497 3428 e
515 3375 545 3428 in
563 3373 573 3427 i
592 3374 771 3429 emendatum
842 3379 877 3428 41
896 3380 914 3426 0
930 3373 1076 3428 ‘archana'

65 3449 99 3497 42
124 3449 168 3495 cr
188 3443 404 3512 ‘quaecumque'
460 3450 493 3498 43
514 3444 742 3500 c‘cbatolicum'
766 3445 796 3499 in
820 3444 992 3500 catholicum
1016 3460 1079 3498 cor-

64 3517 172 3569 rectum
192 3514 275 3583 ‘pene
292 3514 392 3569 traret’
412 3514 534 3584 ligatum
597 3522 632 3570 44
651 3523 668 3568 0
688 3517 852 3587 ‘primeuae’

119 3613 248 3666 Harena,
262 3613 343 3654 Vrsa:
357 3622 508 3654 serenorum
899 3609 916 3660 5
