2354 3946
360 174 407 230 VI.
436 173 484 229 DE
502 173 786 236 CONIUNCTIONE.
1022 179 1081 242 171

58 326 165 392 linae?
197 347 272 393 cum
300 327 377 392 dum
397 347 475 393 uum
502 348 640 410 namque
674 329 752 410 qm'u
786 331 936 411 quouium
969 331 1081 394 etem'm

58 414 198 478 enimet
221 415 341 476 cetera.

137 495 329 561 Mirandum
362 499 484 577 autem,
517 496 616 560 immo
650 496 829 560 deflendum
864 501 914 561 est
946 500 1079 581 totoque

58 579 235 666 lugendum
263 579 395 661 affectu,
422 579 509 665 quod
540 601 612 644 cum
635 584 758 645 ceterae
780 581 936 646 orationis
958 588 1077 665 partes,

57 671 122 730 trun
155 665 300 730 maxime
331 665 575 729 coniunctiones
608 665 762 730 confusae
795 670 828 730 et
856 667 1116 731 circumiectaes

58 751 135 832 sint,
159 750 197 815 in
219 753 349 814 tantum
371 750 450 833 (ut)
471 751 557 814 inter
580 751 722 814 causales
746 753 778 814 et
800 751 974 815 rationales
989 751 1080 815 nulla

57 856 137 919 pene
166 834 326 899 distantia
352 835 403 899 sit.
446 833 604 899 Donato
633 856 703 899 meo
733 856 879 918 paream,
909 836 964 920 qui
996 835 1080 899 hanc

57 918 214 984 orationis
242 922 368 1017 partem
397 919 533 983 maxime
563 919 750 997 confundit,
783 920 867 1003 quod
889 919 991 983 frater
1013 921 1080 983 eius

58 1002 141 1069 Dcn
175 1004 356 1068 rectissime
382 1002 605 1087 reprehendit,
641 1005 698 1087 qui
726 1004 904 1068 rectissime
933 1005 1078 1069 iterauit:

57 1091 130 1154 sunt
165 1088 409 1153 coniunctiones
442 1089 625 1165 iteratiuaa
665 1109 746 1171 quae
780 1089 917 1152 eundem
950 1110 1080 1153 sensum
1094 1106 1118 1144 10

58 1172 257 1256 eandemque
282 1171 476 1237 sententiam
498 1173 632 1256 iterant3
667 1177 866 1256 quaesunt:
896 1176 971 1238 dem
992 1175 1079 1238 deue-

58 1277 113 1340 que
139 1258 254 1323 dmum
274 1257 453 1322 ideudidem
474 1258 659 1322 tantundem
681 1277 811 1322 rursum
832 1259 934 1323 deuuo
956 1261 1080 1324 derum.

57 1344 132 1406 sunt
152 1345 267 1406 tamen
289 1340 375 1424 apud
399 1340 508 1405 Affros
534 1341 719 1425 scriptores,
750 1344 804 1427 qui
827 1341 906 1406 haec
928 1343 1080 1408 aduerbia

57 1427 165 1510 potius
187 1424 363 1490 adfirmant
384 1446 454 1490 esse
475 1426 622 1490 iterandi.

140 1508 297 1577 Gausales
311 1513 418 1574 autem
433 1509 677 1574 coniunctiones
693 1514 770 1574 sunt
808 1532 866 1575 uae
881 1512 1078 1575 retractandi
1092 1523 1117 1564 1⁵

56 1599 88 1660 et
108 1594 349 1679 quodammodo
371 1594 557 1660 destruendi
577 1595 774 1659 sententiam
819 1595 918 1659 abent
938 1616 1078 1674 causam3

57 1700 137 1764 qnae
161 1682 253 1743 sunt:
282 1680 313 1744 si
332 1680 398 1744 uisi
418 1680 590 1744 uisitumeu
610 1700 723 1745 uerum
743 1679 890 1744 sulte'muc
911 1681 966 1743 sed
986 1680 1080 1744 dureo
1148 1706 1152 1712 ·

56 1784 216 1847 usquequo
232 1764 434 1846 quoadusque
448 1768 622 1846 usquedum
637 1765 789 1846 quatinus
803 1765 958 1844 quamdiu
970 1783 1079 1844 quum-

57 1851 107 1915 m's
127 1867 329 1932 quumque-m
351 1849 520 1930 quemlibet
537 1850 692 1930 siquidem
708 1853 740 1913 et
755 1850 866 1912 cetera.
904 1847 1079 1911 rationales

57 1938 165 1998 autem
200 1934 279 1997 sunt
313 1953 394 2031 quae
428 1954 467 1997 ex
495 1933 702 2016 praecidente
730 1932 891 1997 sententia
919 1932 1078 1995 rationem
1092 1948 1117 1986 20

57 2017 223 2103 sequentis
243 2020 428 2100 requrrunt3
452 2038 534 2100 quae
557 2022 648 2082 sunt:
671 2037 742 2100 erpo
757 2019 825 2081 tdeo
840 2017 956 2081 idcirco
971 2018 1079 2098 doque

51 2108 222 2186 propterea
248 2104 335 2184 epita
361 2103 462 2184 dqu‘tm
483 2122 568 2167 ceros
588 2104 791 2183 quamobrem
810 2103 943 2183 proinde
959 2103 1079 2184 puodoc

57 2191 251 2271 quopropter
266 2187 481 2269 propterquod
502 2190 535 2251 et
550 2192 665 2250 cetera.
705 2191 780 2250 sunt
802 2186 899 2250 etiam
923 2185 1079 2270 quaedam

58 2270 303 2337 coniunctiones
318 2270 568 2352 adsimilatiuae3
592 2271 744 2336 dicuntur
763 2292 801 2336 eo
823 2271 908 2354 quod
931 2292 950 2334 a
971 2272 1078 2337 uerbis

57 2355 278 2422 similitudinis
293 2356 506 2440 respondent,
528 2359 565 2420 ut
579 2357 624 2420 sic
641 2358 689 2420 du
707 2357 848 2439 pem'ude.
883 2360 959 2420 sunt
982 2357 1079 2422 etiam
1092 2367 1117 2408 2⁵

57 2440 248 2526 participes,
287 2461 367 2524 quae
400 2444 432 2504 et
465 2439 616 2505 aduerbia
648 2444 680 2504 et
713 2441 958 2505 coniunctiones
994 2462 1078 2506 com·

57 2525 147 2591 muni
169 2524 266 2589 modo
288 2525 452 2609 dicuntur,
474 2527 512 2588 ut
527 2526 690 2608 paulatim
703 2527 812 2607 utique
826 2528 922 2590 ettam
936 2527 1078 2607 equidem

56 2611 177 2676 uderea
194 2613 373 2692 praetereo.
410 2608 545 2674 dicimus
567 2610 653 2674 enim
675 2611 796 2675 tutereu
817 2610 1079 2675 coniunctionem

56 2694 251 2760 rationalem
273 2714 332 2778 pro
354 2713 435 2775 erqo.
473 2692 609 2759 dicimus
631 2693 727 2758 etiam
749 2697 870 2762 iutereu
892 2694 1077 2760 aduerbium

57 2779 211 2864 temporis
239 2799 299 2863 pro
326 2783 409 2844 tuuc.
455 2778 589 2843 dicimus
618 2779 715 2842 etiam
743 2778 806 2845 loci
833 2780 1018 2844 aduerbium
1043 2784 1078 2843 ut
1092 2789 1117 2828 ³⁰

56 2864 119 2935 ati.
152 2866 233 2929 tunc
256 2863 353 2927 etiam
375 2864 445 2947 ipso
469 2863 619 2927 dictionis
642 2863 805 2928 breuiatur
824 2869 967 2929 accentu.
1002 2867 1078 2926 sunt

56 2950 153 3014 etiarn
177 2947 425 3014 coniunctiones
446 2947 657 3027 reuelatiuae,
682 2969 763 3031 quae
778 2970 906 3013 sensum
922 2947 1075 3027 reuoluat,

56 3036 91 3099 ut
111 3032 230 3100 sedicet
250 3033 394 3098 uidelicet
415 3032 518 3098 dlu'eet.

122 3241 139 3288 4
151 3233 296 3289 orationes
308 3233 342 3288 N
351 3235 389 3355 {pt
401 3236 433 3287 ut
445 3233 512 3288 add.
522 3233 586 3289 Mai
620 3239 637 3288 8
650 3238 720 3301 quot
730 3234 764 3288 N
773 3235 782 3300 ll
795 3239 811 3287 9
823 3233 891 3298 quia
901 3230 936 3285 N
937 3232 954 3311 ,ΙΙ
969 3237 999 3285 10
1012 3247 1076 3284 con·

55 3301 247 3358 inustionisN
255 3302 267 3369 l
282 3308 313 3356 13
323 3301 353 3355 in
368 3300 562 3357 erAfroseum'.
602 3302 712 3382 aduam
718 3300 988 3369 postiutereputeum
999 3305 1036 3353 ert
1046 3301 1077 3353 lu

55 3404 168 3473 aceeeq
200 3419 257 3457 uae
270 3402 325 3472 Νιι
340 3407 370 3456 n
387 3402 539 3472 hautun
555 3410 584 3458 19
597 3382 714 3456 ‘lusa
730 3399 786 3478 up
804 3406 837 3453 a
854 3400 1064 3455 coniunctiones

54 3488 126 3540 quae
136 3421 280 3527 audurae·
288 3472 297 3541 ll
307 3470 665 3539 toparteszariterMui
676 3470 686 3537 ΙΙ
699 3474 731 3522 29
742 3484 816 3523 enim
823 3467 869 3537 ΝΗ
879 3474 909 3523 31
918 3400 1077 3524 accentord
