2354 3946
130 195 188 260 126
358 191 512 248 VIRGILII
528 190 694 246 Maeonis
712 189 919 246 EPISTOLAE.

126 346 303 411 reiteranda
331 349 389 412 est.
429 348 479 410 est
506 345 602 409 etiam
624 343 1001 428 pronomen-seeundum
1023 346 1150 409 utrum·

127 453 188 515 que
211 453 379 496 numerum
402 452 459 514 per
482 425 634 512 quattuor
664 448 772 493 cassus
794 427 1039 511 destinandum,
1070 431 1151 494 duos

126 516 250 581 scilieet
271 515 491 580 nominatiuos
514 535 620 578 cassus
648 517 682 577 et
703 512 901 597 singularem
924 515 957 576 et
978 513 1149 596 pluralem,

127 600 207 666 duos
223 621 323 684 aeque
339 599 538 665 aecusatiuos
553 601 590 662 ut
599 601 726 663 nostras
737 600 901 680 nostrates,
917 598 1008 662 enias
1019 600 1149 664 saintes.

100 685 182 749 seed
206 688 242 748 ut
263 686 341 750 haee
364 684 474 750 eadem
496 682 622 747 ueraeia
644 703 713 746 esse
741 681 893 764 exemplis
920 681 1149 765 adprobemus,

126 768 308 834 Donatus
330 770 364 833 in
387 766 525 852 quodam
549 766 689 830 carmine
711 768 758 830 ita
779 767 951 849 conposuit
973 766 1101 832 dicens:

331 915 336 926 ι
414 881 540 943 nostras
561 877 663 942 omnis
681 876 828 957 familia,

414 965 567 1027 nostrates
589 980 710 1042 qnaqrn
724 980 842 1042 peoora

415 1047 556 1111 enatant
576 1046 767 1110 inminentia

88 1159 113 1198 ιο
413 1131 573 1194 testitinrn
592 1129 746 1210 pertenta.

127 1238 333 1304 Gabritius
368 1259 493 1323 quoque
523 1242 677 1303 nostrates
708 1237 822 1320 inquid
854 1236 992 1304 salsitate
1014 1238 1145 1322 fratres,

125 1325 202 1404 qnia
229 1328 258 1388 et
285 1327 439 1388 nostrates
466 1342 524 1388 nos
549 1323 689 1403 nndiqne
715 1323 868 1388 salntant.
912 1321 1147 1389 Terrentius

126 1428 251 1491 quoque
280 1409 314 1470 in
345 1411 460 1491 quarto
484 1406 730 1489 dispositionum
753 1405 1039 1490 grammaticarum
1061 1407 1145 1471 libro

124 1493 189 1556 tale
225 1491 426 1575 prohemium
461 1491 575 1555 edidit:
609 1493 699 1556 onias
729 1510 806 1574 pens
838 1495 867 1556 et
894 1493 1012 1557 saintes
1034 1492 1148 1575 papati

87 1577 235 1642 alitteris
263 1581 328 1642 tarn
350 1581 495 1660 prompte
522 1577 618 1640 dediti
645 1579 720 1640 snnt
745 1596 842 1657 qnam
871 1575 984 1655 Tasci,
1012 1596 1145 1658 qnornm

124 1667 246 1728 natnra
267 1662 370 1742 fertnr
391 1661 431 1726 ab
454 1661 614 1742 infantiae
636 1661 733 1726 anan
754 1661 930 1742 sapientiae
950 1661 1146 1727 stnderesoti

126 1753 155 1813 et
175 1747 258 1813 nitit
280 1747 372 1812 alind
392 1767 502 1811 amare
524 1765 621 1827 qnarn
643 1763 763 1826 semper
779 1744 1028 1827 philosophare?

212 1830 295 1897 Sunt
325 1831 516 1914 pronomina
548 1850 630 1913 quae
662 1833 814 1913 prompta
847 1831 880 1892 et
912 1830 1047 1913 cognita
1079 1850 1147 1894 esse

126 1916 293 1997 uidentur,
327 1915 384 1980 sed
414 1917 451 1980 in
483 1915 554 1980 aliis
587 1913 727 1979 cassibus
761 1914 895 1978 deficere
924 1917 1084 1996 putantur
1110 1916 1147 1977 ut

86 2020 112 2059 ao
125 2002 224 2080 sotns,
255 2004 350 2080 totns,
380 2001 459 2066 atter
481 2001 620 2067 alterins.
658 1997 712 2062 sed
741 1998 769 2060 si
797 1999 869 2081 quis
896 2018 966 2061 sese
995 1998 1147 2063 omnibus

126 2085 296 2148 latinitatis
319 2084 511 2148 lectionibus
534 2082 697 2165 intendat,
721 2082 889 2147 manifeste
911 2082 1060 2148 inueniet
1081 2104 1147 2147 om·

124 2189 182 2231 nes
211 2189 319 2232 cassus
347 2169 462 2231 horum
490 2167 718 2250 pronominum
741 2167 802 2230 rite
825 2165 982 2231 declinari
1003 2170 1042 2231 ut
1062 2167 1148 2233 sotus

124 2251 221 2316 salins
242 2253 301 2323 soli
322 2253 422 2317 solnrn
444 2272 466 2315 a
487 2252 565 2330 soto,
589 2254 622 2315 et
643 2250 811 2334 pluraliter
831 2253 891 2318 soli
911 2251 1052 2317 sotornrn
1073 2252 1147 2317 sotis

123 2335 204 2399 solos
233 2357 254 2399 a
281 2336 364 2399 sotis.
402 2356 593 2418 quamquam
625 2335 777 2399 nonnulli
805 2336 992 2420 genetiuum
1021 2356 1147 2400 cassum

85 2440 110 2480 aa
123 2419 257 2502 pluralis
283 2419 409 2483 numeri
439 2419 475 2483 in
503 2419 750 2502 pronominibus
777 2441 845 2485 non
877 2419 1040 2503 resipiant
1067 2420 1143 2486 soto·

123 2525 197 2569 rnrn
230 2508 364 2569 totornrn
397 2504 585 2583 atterornrn,
619 2507 839 2568 uerumtamen
869 2505 977 2589 legere
1007 2526 1058 2570 me
1086 2525 1148 2569 nee

125 2610 196 2652 raro
218 2609 278 2652 nee
300 2589 334 2650 in
357 2589 488 2652 insertis
511 2588 693 2652 auctoribus
716 2589 848 2653 memini
874 2589 933 2654 hos
955 2609 1048 2654 nasus
1069 2589 1147 2653 trite

194 2745 216 2793 1.
234 2740 291 2792 Ars
308 2755 354 2797 nn.
373 2739 459 2797 Bern.
473 2755 504 2807 p.
521 2742 584 2803 136,
605 2742 653 2793 13:
676 2739 749 2792 Item
766 2739 903 2808 Virgilius
926 2739 961 2794 de
982 2739 1026 2793 his
1042 2754 1145 2808 prono·

124 2805 246 2860 minibus
268 2804 351 2859 dixit:
376 2809 442 2861 sunt
458 2807 626 2876 pronomina
643 2806 796 2861 seeundum
815 2808 966 2875 utrumque
985 2823 1144 2874 numerum,

125 2889 196 2952 quae
209 2890 261 2942 per
273 2875 407 2994 ‹pnattpor
419 2890 499 2928 casus
513 2875 703 2953 declinantur,
722 2876 754 2928 ut
771 2875 848 2952 enias
861 2875 962 2953 cuiatis
975 2876 1006 2928 et
1016 2874 1145 2953 nomina·

124 2943 184 2996 t1vo
202 2942 308 3010 plurar
325 2943 431 2996 ou1ates
449 2943 480 2996 et
495 2945 600 2995 aurata
617 2943 646 2996 et
662 2944 822 2996 accusativo
839 2942 945 3012 plurah
965 2942 1087 3002 cuiatem
1106 2958 1146 2996 ere

126 3011 212 3064 etiam
224 3011 333 3064 nostras
344 3009 477 3063 nostratis
490 3011 519 3063 et
531 3011 670 3064 nostrates
689 3011 836 3064 nostrates.
889 3017 912 3065 t.
925 3009 969 3066 It.
977 3025 1010 3078 p.
1023 3013 1083 3072 136,
1096 3013 1146 3065 18.-

125 3079 234 3132 nostras
253 3119 259 3133 .
277 3122 284 3136 .
303 3119 308 3132 .
328 3077 450 3132 evadent
468 3077 591 3130 ostilinm
613 3119 619 3131 .
639 3117 646 3131 .
664 3117 671 3130 .
690 3076 823 3133 Garrinua
841 3093 954 3147 quoque
973 3077 1145 3156 gramaticus

124 3145 194 3199 ineit
211 3147 352 3200 nostrates
370 3145 492 3200 salutate
511 3190 517 3203 .
538 3190 544 3202 .
562 3161 613 3200 vos
631 3145 757 3200 salutant
775 3146 877 3200 tertius
895 3187 901 3199 .
921 3188 926 3199 .
947 3162 992 3199 our
1012 3161 1099 3215 agene
1116 3186 1143 3202 ..

125 3229 182 3280 qua
203 3215 336 3282 prumpte
356 3256 361 3267 .
382 3260 387 3271 .
407 3213 443 3267 ab
461 3212 581 3266 infantia
599 3228 688 3280 usque
713 3213 749 3266 ad
772 3215 905 3268 canitiem
928 3213 1068 3281 sapientie
1092 3211 1145 3267 soli

125 3280 238 3334 studere
258 3327 263 3338 .
283 3321 289 3333 .
308 3281 502 3351 philosophale
520 3283 599 3349 (corr.
618 3281 676 3349 ali).

193 3422 207 3468 3
225 3417 415 3469 nominativus
433 3416 468 3469 N
480 3417 518 3484 14
538 3415 616 3469 euius
634 3416 668 3470 N
676 3419 714 3484 15
733 3416 842 3470 veratia
860 3414 895 3468 N
903 3417 941 3482 119
960 3414 1067 3470 eadunt
1084 3413 1118 3468 N
1127 3414 1139 3482 11

125 3487 155 3533 12
175 3481 243 3547 quid
260 3483 293 3536 N
302 3485 312 3550 11
324 3499 375 3535 nos
392 3483 489 3552 111112
507 3483 560 3537 site
577 3483 616 3538 N.
