2422 3976
428 171 477 225 111.
505 169 554 223 aa
571 170 703 230 urano.
1014 174 1073 238 141

58 348 121 390 non
144 324 383 406 meditatiuam,
413 323 489 389 licet
514 324 547 387 id
570 323 767 389 consuetudo
789 325 882 389 nobis
905 326 1073 409 inuexerit‚

55 410 112 474 sed
133 409 357 494 permissiuam
372 430 414 473 an
428 409 665 473 noluntatiuam
680 409 784 473 dicere
800 410 960 475 debemus.
995 432 1075 475 non·

55 494 138 559 nulli
167 495 252 559 inter
280 493 359 557 alios
386 493 481 558 huius
508 493 629 558 formae
658 496 756 557 uerba
780 516 838 577 per
867 495 975 558 omnia
996 498 1076 559 iem·

55 601 136 662 pora
163 579 339 643 secundum
365 579 505 662 primam
532 578 700 642 dumtaxat
721 599 892 661 personam
915 578 1075 645 declinare

55 668 206 728 utuntur:
230 664 316 747 quod
337 684 404 727 non
426 663 506 726 mibi
529 663 657 727 uidetur
678 663 916 745 inprobandum
930 685 989 729 nee
1004 686 1074 747 pro·
1101 683 1113 721 ⁵

54 748 205 813 bandum.

142 831 284 896 Tertiam
312 832 449 896 diximus
470 834 597 914 partem
619 853 687 896 esse
709 832 801 896 uerbi
823 832 1075 898 ordinationem:

56 917 148 982 cuius
187 918 221 980 in
259 917 532 1002 expugnationem
564 917 727 1000 paulisper
759 917 913 981 inmorari
944 938 1076 981 necesse

54 1002 228 1081 habemus,
257 1002 447 1085 praesertim
470 1022 542 1065 cum
564 1003 604 1064 de
631 1001 702 1084 ipso
731 1001 842 1085 opinio
863 1001 1076 1084 plurimorum

54 1091 123 1151 tem
156 1086 248 1150 uaria
280 1088 312 1149 et
342 1090 410 1150 tam
443 1086 569 1150 diuersa
601 1085 660 1168 sit,
696 1091 732 1150 ut
764 1086 840 1170 quid
871 1086 1075 1168 potissimum
1090 1105 1115 1145 ιο

55 1171 230 1236 lectoribus
259 1171 385 1234 animus
416 1173 567 1254 appetere
595 1170 726 1253 debeat,
757 1171 809 1234 uel
836 1171 1003 1254 ignoretur
1025 1169 1077 1235 uel

55 1255 207 1339 ambigue
222 1257 405 1338 putatiuum
421 1255 584 1319 habeatur.
623 1254 784 1320 ordinatio
801 1277 879 1338 ergo
895 1260 958 1340 est,
980 1277 1076 1339 quam

57 1340 323 1424 coniugationem
350 1340 524 1404 uerborum
552 1341 832 1404 consuetudinarie
859 1341 1077 1405 nominamus:

54 1446 132 1489 nam
163 1425 248 1507 quod
278 1425 390 1509 iugum
418 1424 453 1487 in
481 1424 583 1488 literis
612 1428 722 1508 sonat,
753 1425 823 1508 ipse
844 1424 1077 1490 manifestatim

55 1509 134 1573 ordo
156 1512 254 1573 tenet.
291 1509 375 1573 unde
402 1509 465 1572 rati
486 1513 563 1573 sunt
584 1510 739 1573 maiorum
760 1509 892 1592 plurimi
913 1530 980 1574 non
1004 1527 1115 1574 con-15

55 1594 239 1678 iugationes
250 1593 306 1657 aed
318 1592 538 1658 ordinationes
549 1593 733 1658 scribendas
745 1615 821 1658 esse.
844 1593 957 1659 harum
969 1597 1081 1658 autem

55 1677 299 1743 ordinationum
327 1699 495 1743 numerum
522 1678 614 1742 multi
636 1681 715 1756 trae,
744 1678 894 1743 nonnulli
916 1680 1076 1761 quattuor,

56 1763 115 1827 alii
137 1763 276 1846 quinque
298 1763 351 1826 ucl
373 1784 429 1826 sex
451 1767 613 1827 sumentes
636 1762 817 1827 confudere.
851 1784 927 1826 nam
949 1765 1078 1846 praeter

55 1851 139 1930 tres,
168 1848 271 1911 omnis
300 1869 409 1912 eorum
432 1847 564 1912 uacillat
585 1847 713 1931 opinio,
737 1848 814 1912 licet
835 1849 982 1929 quartam
1005 1867 1079 1910 con-

55 1932 272 2017 iugationem,
295 1933 364 1996 siue
386 1934 423 1996 ut
444 1932 520 1996 huic
541 1933 577 1996 in
598 1932 747 1997 manibus
762 1931 930 2013 habemus,
954 1929 1077 1995 ordina·
1092 1949 1117 1989 eo

56 2018 182 2081 tionem
197 2018 307 2101 <non>
323 2016 402 2081 adeo
417 2017 621 2081 refutandam
637 2038 704 2081 esse
720 2014 946 2081 existimemus
980 2037 1078 2100 porro

55 2101 188 2166 tertiam
211 2102 443 2166 ordinationem
468 2102 503 2165 in
525 2106 591 2166 tres
606 2102 750 2186 plerique
766 2100 970 2164 diuidendum
985 2105 1078 2187 puta·

56 2188 151 2264 runt,
177 2188 214 2249 ut
236 2187 279 2250 sit
300 2187 405 2269 prima
428 2207 509 2270 quae
531 2208 608 2252 uero
627 2188 799 2270 producta,
822 2189 859 2250 nt
873 2187 986 2267 andin,
1009 2187 1079 2250 der·

59 2272 141 2350 mie;
174 2291 255 2354 quae
280 2270 334 2334 uel
361 2273 499 2335 maxime
527 2272 562 2335 in
590 2271 640 2334 his
669 2271 771 2335 modis
800 2271 851 2334 uel
879 2270 1079 2353 temporibus

57 2355 276 2439 facillimeque
298 2355 497 2435 denoscitur,
522 2377 603 2439 quae
626 2377 735 2420 sumus
758 2355 893 2419 inferius
915 2355 1117 2438 scripturire

59 2439 180 2505 etenim
195 2461 269 2504 --non
291 2445 340 2504 est
360 2441 394 2504 id
416 2441 501 2524 quod
523 2442 558 2504 in
580 2444 721 2505 mentem
741 2440 835 2505 modo
851 2441 942 2504 uenit
957 2441 1080 2506 lubrico

56 2527 199 2607 irrepere
220 2529 324 2608 raptet
344 2525 470 2590 obliuio.

143 2608 280 2695 Memini
295 2631 346 2673 me
361 2631 381 2674 a
396 2610 534 2692 quodam
546 2608 654 2693 Lupo
671 2609 847 2673 christiano
858 2609 928 2673 uiro
942 2607 1079 2672 Athensi

57 2694 92 2758 in
115 2694 242 2758 ratione
263 2695 435 2759 uerborum
451 2696 529 2759 satis
546 2698 692 2778 expert0‚
716 2715 788 2758 cum
802 2692 895 2758 illum
908 2693 1080 2757 uerborum

57 2777 240 2842 difficilium
258 2778 490 2863 interrogarem
507 2779 784 2862 (ordinationem)
800 2778 938 2862 qualit-er
953 2781 986 2842 et
1000 2799 1078 2861 quo·
1093 2796 1117 2836 eo

55 2863 152 2927 modo
176 2866 209 2927 et
230 2884 294 2946 qua
315 2865 442 2929 ratione
465 2866 588 2928 uariata
610 2864 665 2945 sit,
688 2864 796 2928 taliter
811 2864 851 2928 ab
867 2884 904 2927 eo
921 2862 1078 2926 edoctum.

56 2950 165 3013 neniis
186 2948 315 3032 inquid,
337 2949 399 3032 pili,
423 2950 659 3033 opinationibus
680 2951 839 3015 nonsatis
854 2948 977 3025 credar,
1002 2947 1080 3026 qnia

127 3141 142 3188 2
162 3135 211 3203 an]
231 3151 265 3188 ae
282 3133 347 3188 Mai
358 3135 368 3202 ΙΙ
381 3141 396 3188 3
415 3133 485 3187 alias
497 3135 531 3188 N
562 3139 579 3188 4
595 3135 747 3187 secundam
759 3133 793 3188 N
802 3134 812 3201 ΙΙ
825 3138 840 3185 5
858 3129 1077 3207 inprobandum]

57 3203 74 3255 ii
92 3217 127 3257 en
144 3216 214 3256 corr.
233 3202 268 3256 N
277 3202 287 3269 l
300 3202 343 3255 of.
361 3201 500 3270 probandi
566 3202 661 3269 itaqne
677 3202 795 3267 fortasse
812 3202 852 3255 sie
869 3198 1013 3268 dependam
1031 3214 1079 3276 qur

58 3285 115 3324 non
132 3269 205 3348 mihi
223 3269 355 3323 videntur
371 3270 541 3338 inprobandi
559 3285 611 3323 nec
629 3269 770 3336 probandi
782 3269 792 3336 ΙΙ
806 3273 835 3321 11
855 3267 920 3333 fort.
940 3265 1076 3386 lectorffll

58 3335 914 3482 taciturnitateatlantide
923 3348 997 3461 aa
1009 3350 1077 3455 n:

58 3472 372 3528 borum-ordinatione
390 3489 460 3528 corr.
475 3473 540 3527 Mai
551 3474 561 3542 ΙΙ
574 3479 606 3527 30
624 3471 829 3526 ordmatronem
847 3472 914 3529 add.
