2354 3946
123 191 168 258 90
404 189 465 248 vll·
492 188 619 246 PASSIO
639 189 667 247 S.
685 185 856 245 aarum

125 354 220 421 Nune
244 357 276 418 te
300 353 444 440 propitio
468 357 619 438 coeptum
641 351 833 437 pertendere
855 351 955 417 metri

125 442 223 508 Nitar
246 465 337 528 opus.
381 441 416 508 Si
439 442 516 527 quid
539 441 632 527 pueri
653 441 759 506 fecere
782 444 936 524 parentes

57 549 107 599 110
125 531 231 597 Prolis
255 535 413 616 expertes,
439 568 477 577 —
502 535 614 595 tamen
637 534 728 595 aetas
751 532 831 614 apta
854 530 1011 596 manebat

125 620 170 685 Et
193 625 311 685 natura
334 620 433 685 simul
456 619 609 685 servabat
632 617 861 702 concipiendae

127 708 226 794 Spem
249 709 374 774 subolis
397 744 441 756 -
464 708 605 792 primum
629 706 756 771 dicatur
779 711 813 772 et
836 707 911 772 inde
934 707 1111 773 secundum

127 796 244 863 Cetera
266 800 460 863 concurrant
483 796 613 880 seriem,
636 816 719 881 quae
741 800 832 861 certa
854 799 996 862 tenetur.

125 886 197 951 Iam
221 886 308 951 dicto
331 890 464 970 pactum
487 906 640 950 concesso
663 884 800 968 pignore
823 884 958 949 firmant

56 990 107 1040 111
125 973 276 1039 Pontifici
299 975 419 1039 fantes:
443 971 493 1056 εΟ,
516 973 544 1037 11
567 995 662 1056 prece
684 976 722 1038 tu
744 972 821 1038 dare
842 994 968 1058 posses,

125 1062 245 1146 Magne
269 1067 371 1145 pater,
395 1062 564 1127 dominum
586 1061 685 1125 nimis
709 1061 872 1127 exorando
896 1083 1076 1146 supernum

126 1149 330 1213 Thesaurum
353 1149 447 1213 nobis
472 1148 598 1214 ardenti
621 1149 717 1215 corde
741 1150 901 1234 cupitum:

126 1235 222 1301 Hune
246 1237 362 1301 offerre
385 1237 444 1302 deo
468 1236 593 1322 pariter
616 1238 820 1324 disponimus
844 1237 962 1304 ambo?

282 1410 323 1466 De
343 1410 525 1482 conceptione
546 1414 574 1467 et
592 1411 743 1467 nativitate
762 1411 853 1466 saneti
871 1413 990 1468 Arnnlfi.

126 1522 288 1606 Tempora
311 1521 397 1606 quod
420 1526 531 1586 votum
555 1543 613 1605 per
637 1542 779 1606 congrua
801 1520 1097 1607 facta-sequuntur

57 1627 108 1677 110
127 1610 322 1695 Indulgente
345 1610 399 1696 pio
424 1633 500 1675 mox
522 1609 678 1695 largitore
701 1610 869 1674 bonorum.

126 1698 207 1764 Inde
229 1721 310 1784 puer
333 1703 445 1764 tantus
469 1698 644 1784 genetricis
667 1701 704 1762 ut
726 1698 817 1762 exuit
840 1703 940 1782 artus,

172 1903 206 1913 —
226 1872 307 1939 Quod
326 1874 408 1927 natus
426 1888 496 1942 puer
514 1871 725 1928 commendatus
744 1869 831 1926 fuerit
849 1872 947 1926 sancto
967 1872 1098 1946 Remigio

406 1944 572 1998 nutriendus
591 1945 620 1998 et
639 1940 808 1998 erudiendus
827 1972 861 1982 -

128 2053 272 2137 Remigii
295 2053 408 2118 statim
431 2074 527 2117 curae
550 2051 767 2116 committitur
791 2051 879 2116 almi.

127 2141 229 2217 Quem
253 2142 355 2205 traxit
377 2139 526 2204 manibus
551 2140 634 2205 11111
657 2140 695 2204 de
718 2138 850 2203 flumine
873 2139 976 2206 fontis

127 2230 173 2293 Et
195 2229 264 2293 vice
288 2228 392 2313 patris
416 2249 489 2290 eum
514 2227 658 2292 studiose
681 2226 813 2310 prendit
835 2227 988 2294 alendum
1065 2228 1073 2241 '

56 2334 108 2382 125
126 2316 172 2379 Et
195 2318 290 2380 vocat
312 2313 505 2397 Amulium,
529 2315 615 2398 quod
638 2336 757 2379 nomen
780 2315 868 2381 11111
890 2338 1041 2405 propago

127 2404 294 2469 Romanae
316 2402 412 2486 pubis
436 2402 598 2486 quondam
623 2403 762 2467 sublime
785 2403 926 2482 ferebat,

127 2491 158 2556 A
182 2513 247 2576 qua
270 2491 434 2556 descendit
456 2491 739 2576 consanguinitate
763 2492 936 2578 gradatim.
1156 2519 1168 2560 1.

126 2578 279 2645 Traditus
302 2580 457 2646 uberibus
481 2580 618 2646 nutricis
641 2580 725 2646 11111
748 2580 885 2647 vivatur.

501 2736 629 2803 Qualiter
648 2735 764 2793 studuit.

126 2847 256 2912 Interea
279 2846 387 2930 eoepit
409 2845 571 2930 paulatim
595 2867 738 2911 crescere
761 2845 916 2910 membris
972 2924 974 2929 ⁴

55 2950 108 3001 130
127 2934 282 3019 Corporis
306 2935 348 2998 ad
372 2932 510 2998 solidum
535 2933 642 3018 spatio
665 2934 798 2998 labente
822 2934 961 3018 dierum,

125 3022 245 3088 Vivere
268 3022 347 3106 quin
369 3022 479 3105 potius
502 3021 588 3085 vires
612 3022 748 3105 animae,
771 3026 887 3106 gravet
910 3023 972 3086 etsi

126 3109 242 3176 Carnis
266 3132 348 3175 onus
373 3113 514 3173 mentem
538 3130 650 3174 sensus
674 3114 707 3175 et
729 3111 846 3175 tundat
870 3115 993 3196 aeut-os,

197 3341 249 3392 108
265 3336 400 3407 ‘ceptum’
451 3340 501 3390 109
517 3333 632 3403 ‘siquid’
683 3341 733 3390 112
749 3337 875 3393 ‘sobolis'
928 3342 978 3392 113
995 3339 1139 3411 ‘eeriemp’

127 3412 178 3464 125
199 3408 353 3463 ‘alendum’
379 3407 504 3462 deletum
527 3407 556 3460 et
580 3404 611 3458 11
637 3408 763 3475 margine
788 3407 960 3462 ‘Amulium’
986 3413 1142 3482 ascriptum

127 3479 214 3536 ‘celsa
236 3478 375 3550 propago’
400 3493 454 3534 see.
473 3494 511 3532 m.
532 3475 631 3530 ‘illius’
653 3492 789 3545 auperscr.
856 3483 906 3532 lae
927 3477 1027 3549 ‘cepit'
1089 3488 1139 3537 181

127 3551 164 3607 ‘ec
182 3550 218 3607 ei’
277 3555 328 3605 lea
349 3550 401 3605 ‘et'
422 3565 477 3604 aec.
495 3565 532 3603 m.
553 3547 600 3601 ‘si’
621 3562 756 3616 superscr.
