2354 3946
107 192 167 259 138
332 189 488 245 VIRGILII
505 188 672 244 nanctus
690 186 901 243 EPISTOLAE.

105 345 221 409 initiis:
257 347 406 411 conuecti
434 345 559 409 umiae
586 342 716 408 Scaeuo.
754 343 904 407 mosceti
931 343 1044 426 posuit
1071 364 1131 427 pro

105 433 239 498 canenti.

191 513 405 600 Inchogatiua
427 513 530 576 forma
552 515 603 576 est
624 531 704 594 quae
719 509 890 594 inchogari
906 511 1052 595 quidem,
1076 512 1131 578 sed

106 621 174 665 non
202 599 288 663 finiri
317 599 454 662 uidetur.
492 596 622 681 quidam
644 617 709 660 non
731 594 976 678 inchogatiuam
998 596 1057 660 sed
1079 598 1131 662 de·

81 684 260 749 afectiuam
288 684 404 748 uolunt
432 682 542 747 uocari
569 682 723 762 formam,
752 680 839 764 quod
860 679 987 745 scilicet
1009 687 1130 766 tempo·

107 770 195 834 1ibus
224 769 375 852 difficiat3
405 768 489 850 quod
511 770 544 831 et
566 786 627 850 ego
650 785 775 849 quoquc
797 785 996 849 magnopere
1019 768 1130 832 adseu-

106 856 181 919 tior.
205 853 350 937 ·quidam
379 856 487 916 tamen
516 850 600 914 hanc
628 851 766 914 formam
791 847 891 914 incho
916 849 1039 915 stiuam
1065 872 1130 916 non
1173 852 1175 925 J

108 940 150 1004 ob
182 937 243 1003 hoc
275 937 442 1001 dicendam
480 940 611 1019 putant,
645 932 729 1018 quod
761 870 961 1017 temporibus
994 934 1130 1000 difficiat
1173 936 1175 943 '

107 1021 322 1103 declinandis,
345 1041 418 1086 cum
441 1041 516 1103 sepe
538 1021 700 1104 repperire
723 1039 757 1082 se
777 1019 888 1082 dicant
903 1021 1020 1085 cotesco
1035 1021 1127 1099 colui,

70 1129 94 1168 ro
105 1108 242 1189 suriaco
255 1105 378 1187 feram,
401 1124 554 1170 marcesco
570 1110 707 1182 morcui,
731 1103 864 1185 liquesco
880 1104 975 1188 tiqui,
991 1124 1128 1170 sarccsco

106 1192 228 1268 carcat,
251 1195 367 1257 toccsco
389 1191 490 1273 tacot3
523 1189 577 1253 sed
599 1189 752 1273 quoniam
773 1189 953 1271 praesentis
975 1189 1128 1275 temporis

108 1274 256 1339 litteralis
279 1273 447 1338 declinatio
471 1295 490 1338 u
511 1275 685 1357 praeterito
708 1272 889 1355 discrepare
911 1273 1057 1358 uidetur,
1085 1274 1127 1339 id·

107 1360 192 1424 circo
221 1359 462 1444 inchogatiuam
484 1358 646 1423 nominari
669 1357 784 1422 debere
807 1360 975 1422 censeunt.
1013 1359 1129 1442 quibus

108 1467 146 1509 ex
168 1444 325 1508 maiorum
346 1443 520 1508 traditione
534 1443 687 1507 facillime
701 1440 967 1526 respondebimus
981 1464 1048 1508 non
1062 1462 1129 1508 esse

49 1530 192 1594 ›ehanc
220 1530 380 1593 rationem
406 1550 531 1607 ueram,
560 1531 597 1592 ut
624 1549 663 1591 ex
690 1527 752 1590 hiis
781 1526 889 1591 uerbis
917 1548 999 1610 quae
1020 1527 1131 1593 incho-

109 1615 238 1700 gatiuae
259 1613 383 1679 formae
406 1617 495 1691 sunt,
525 1613 701 1696 praeterite
722 1614 869 1694 tempora
891 1613 984 1677 nasci
1006 1613 1130 1678 soleant

110 1704 146 1765 ut
178 1705 293 1766 toccsco
326 1700 422 1765 tacui.
466 1699 609 1781 alioquin
635 1697 716 1760 haec
742 1695 840 1759 uerba
867 1698 1029 1762 secundae
1058 1718 1130 1763 eon·

110 1785 300 1870 iugationis‚
324 1785 405 1869 <de>
428 1805 490 1868 qua
512 1782 629 1847 dicturi
652 1801 776 1863 sumus,
809 1780 894 1864 quod
921 1783 1129 1864 praeteritum

110 1874 237 1953 tempus
266 1868 430 1934 habebunt
456 1872 493 1933 ut
521 1872 604 1934 tocco
633 1885 755 1931 marceo
780 1884 886 1930 sarceo
911 1867 1020 1946 scrueo
1049 1868 1129 1934 calco

71 1973 96 2014 rc
111 1959 143 2018 et
175 1959 299 2031 cetera,
333 1975 414 2037 quae
447 1952 560 2036 procul
589 1951 728 2036 <dubio>
757 1950 970 2033 praeteritum
1004 1955 1129 2036 tempus

109 2039 227 2103 habere
254 2059 384 2102 necesse
414 2042 471 2102 est.
513 2035 720 2120 inchogatiua
750 2055 826 2119 ergo
855 2035 958 2100 uerba
988 2037 1050 2101 hoc
1071 2036 1129 2101 rite

110 2122 247 2186 dicende
275 2128 367 2204 sunt,
397 2142 478 2204 quae
511 2141 584 2184 cum
612 2119 765 2184 declinari
794 2121 958 2202 praesenti
986 2125 1128 2205 tempore

110 2207 290 2289 coeperint,
309 2205 481 2288 praeterito
496 2208 604 2268 tamen
621 2208 765 2286 tempore
781 2203 924 2269 difficere
940 2210 1127 2271 noscuntur.
1163 2198 1168 2207 ’

194 2289 243 2354 De
270 2289 322 2352 his
345 2289 458 2352 formis
481 2287 653 2352 uerborum
676 2289 763 2352 inter
785 2287 983 2374 Regulum
1006 2291 1128 2375 (lappa-

71 2393 96 2434 aa
110 2373 224 2438 docum
252 2376 285 2438 et
307 2372 492 2438 Sedulum
515 2371 700 2437 Romanum
728 2394 795 2437 non
824 2373 958 2439 minima
985 2375 1130 2459 quaestio

110 2459 220 2523 habita
249 2462 313 2538 est,
342 2479 424 2541 quae
455 2478 555 2541 usque
578 2457 618 2521 ad
641 2457 819 2543 gladiorum
841 2479 924 2542 pene
947 2460 1129 2525 conflictum

110 2543 267 2626 peruenit.
297 2542 479 2626 quindecim
501 2562 639 2625 namque
654 2542 805 2607 noctibus
821 2543 1022 2628 totidemque
1036 2544 1129 2609 simul
1173 2582 1175 2589 ·

110 2628 222 2691 diebus
249 2629 413 2692 insomnes
442 2631 474 2692 et
501 2627 632 2710 indepes
660 2648 819 2710 mansere,
848 2628 952 2692 tribus
974 2629 1129 2693 militibus

110 2711 270 2795 utrimque
297 2712 444 2795 sumptis.
482 2711 659 2796 Regulus
687 2712 773 2775 enim
797 2713 855 2776 has
877 2713 999 2778 formas
1021 2714 1131 2779 uerbo·

73 2816 98 2857 oo
111 2819 183 2861 rum
211 2797 282 2861 aliis
310 2797 511 2880 nominibus,
542 2796 613 2860 aliis
645 2817 771 2880 quoque
793 2797 1029 2881 intellectibus,
1060 2798 1130 2862 aliis

111 2883 208 2948 etiam
236 2903 332 2967 quam
361 2903 421 2946 nos
447 2883 482 2946 in
503 2903 563 2946 usu
585 2881 740 2946 habemus
762 2883 930 2946 uocitebat
951 2883 1131 2948 rationibus

112 2969 227 3033 debere
256 2966 411 3051 intellegi.
448 2967 585 3032 formam
612 2988 750 3050 namque
771 2967 1043 3051 frequentatiuam
1065 2988 1130 3031 om·

111 3055 207 3118 nibus
230 3051 324 3117 simul
345 3052 453 3116 uerbis
476 3051 627 3116 accedere
649 3073 745 3135 posse
768 3052 976 3135 adfirmabat3
1004 3072 1132 3117 necnon

182 3228 192 3274 1
213 3222 292 3276 initis
310 3221 344 3276 N
358 3235 426 3274 corr.
443 3219 509 3273 Mai
521 3220 531 3288 l
544 3220 653 3273 Seneno
672 3220 716 3288 N,
740 3220 845 3283 Sereno
863 3221 928 3274 Mai
939 3221 978 3288 l8
994 3219 1132 3289 temporis

112 3288 146 3343 N
160 3290 170 3356 ΙΙ
184 3295 216 3343 13
233 3287 423 3367 inccgativam
441 3287 474 3341 N
487 3289 498 3367 l
517 3294 547 3340 17
566 3287 783 3365 coniugationis]
801 3289 866 3354 fort.
885 3288 978 3342 essent
994 3288 1063 3366 add.
1077 3289 1134 3408 bw

112 3356 329 3425 proculldubm
347 3356 415 3410 odd.
429 3357 492 3410 Mac
504 3356 514 3424 ΙΙ
527 3361 558 3408 21
576 3361 680 3409 mehoa
697 3357 795 3424 Ν1126
812 3355 918 3408 habeta
930 3355 964 3410 N
995 3360 1029 3409 28
1047 3373 1076 3408 rn
1098 3371 1134 3424 ap

112 3439 242 3477 mansere
259 3424 293 3477 N
307 3425 316 3491 l
333 3424 482 3493 militibus]
501 3422 615 3476 milibus
633 3424 667 3477 N
680 3426 690 3491 Ι]
707 3430 740 3478 29
757 3423 908 3488 utrumque
927 3423 961 3476 N
998 3429 1031 3478 30
1048 3422 1134 3477 intel·

112 3488 202 3544 lectus
220 3491 316 3560 Ν1131
336 3507 385 3544 nos
404 3507 489 3558 quam
506 3490 541 3543 N
555 3505 623 3546 corr.
641 3491 713 3545 nae.
