2354 3946
107 148 149 213 28
423 147 472 205 ΙΙΙ.
500 146 589 202 VITA
608 146 634 203 S.
653 145 801 202 uenam.

107 312 190 376 Tum
213 333 290 378 mox
314 333 422 377 carcer
445 314 516 375 erat
537 313 629 375 totus
652 310 793 375 clamore
816 308 968 393 repletus

107 398 211 485 Seque
235 401 333 466 simul
356 400 520 465 hominem
544 420 611 463 non
632 398 794 464 invenisse
816 397 978 464 fatentur.

36 505 88 555 235
107 489 211 553 Audit
233 494 267 554 ct
288 490 351 555 hoc
375 487 509 554 Caesar:
536 487 629 552 valde
652 490 702 551 est
725 486 921 571 perterritus
948 510 1050 575 erg03

109 576 219 643 Semet
243 583 277 643 at
300 579 336 643 in
358 578 501 642 frontem
524 596 635 660 pugno
658 575 821 660 percussit
844 578 877 639 et
901 575 995 642 infit:

108 664 194 731 ‘Heu
213 671 363 732 nostrum
383 666 530 731 delusum
550 669 613 746 est,
636 664 723 748 qnod
741 684 877 748 regnum
896 663 963 729 fuit
983 666 1134 735 almum?

108 754 198 820 Haec
222 756 371 820 volvente
394 756 452 819 illo
476 753 667 839 aggreditur
688 755 767 817 tnnc
789 752 931 836 undique
955 756 1081 841 vulgus

107 843 312 929 Inquiritque
336 843 387 908 dei
409 842 583 924 famulum,
606 841 657 907 val
681 841 758 926 quid
782 840 846 905 sibi
867 840 995 907 factum

37 933 220 1016 ambisset,
243 938 276 997 et
298 933 384 997 hunc
406 930 504 995 multi
527 930 663 994 nimium
686 929 804 994 flevere
826 929 979 1015 benigni3
1146 954 1176 994 r¹

108 1019 201 1084 Illius
224 1020 315 1084 urbis
340 1022 409 1084 erat
431 1021 547 1083 cuncta
568 1040 646 1082 nam
670 1017 802 1083 turbida
824 1017 946 1102 plebes.

109 1106 323 1172 Christicolae
346 1107 471 1188 viduae,
495 1106 606 1169 miseri
629 1128 758 1190 quoque
781 1128 906 1191 pauper
928 1110 963 1171 et
988 1110 1099 1176 omnis

108 1195 319 1280 Appropiant
341 1195 540 1280 cupiuntque
563 1194 670 1259 virum
694 1195 884 1278 conquirere
909 1199 1064 1262 sanctum

110 1282 306 1367 Clementer,
329 1283 387 1348 ubi
411 1283 455 1346 sit
477 1304 634 1368 magnum
657 1283 804 1348 solamen
829 1305 952 1348 eorum.

36 1389 88 1438 245
107 1371 197 1437 Haec
219 1372 346 1457 plebes3
369 1394 425 1436 rex
448 1371 582 1456 insuper
604 1371 684 1462 haec
708 1371 817 1436 subito
840 1370 904 1435 fuit
928 1371 1069 1439 addans:

109 1460 216 1526 ‘Hunc
238 1460 405 1526 hominem
425 1461 576 1526 dominus
598 1461 722 1526 eaelum
745 1460 928 1525 transvexit
949 1461 985 1525 in
1009 1463 1131 1547 altum,

108 1549 258 1615 Praemia
281 1571 402 1634 magna
426 1549 515 1614 dedit
538 1551 577 1614 de
600 1548 696 1614 nobis
722 1552 819 1635 atque
843 1548 1003 1615 redemit?

107 1637 262 1723 Haecque
285 1640 405 1703 timens
429 1638 512 1704 dixit
536 1638 694 1724 populum
718 1642 752 1702 et
775 1637 932 1701 mentitur
955 1660 1086 1706 avarus.

110 1727 281 1793 Praedicat
304 1727 428 1792 interea
452 1728 582 1810 praesul
607 1727 738 1792 civitate
762 1725 901 1790 Lucrido

37 1831 90 1882 250
109 1816 160 1881 Ad
184 1816 370 1902 Christique
393 1816 490 1880 fidem
514 1817 636 1881 multos
660 1814 819 1900 pertraxit
841 1815 877 1879 in
898 1814 970 1898 illa3

108 1904 293 1971 Nonnullos
316 1906 463 1989 baptizat
486 1906 573 1969 enim
597 1905 807 1988 infirmosque
830 1906 973 1987 recurat3

108 1991 195 2058 Nam
219 2015 330 2059 caecos
354 1993 504 2077 precibus
528 2015 601 2057 cum
626 1993 850 2077 debilibusque
873 1992 1010 2058 resolvit

108 2080 257 2146 Virtutes
280 2082 403 2146 faciens
427 2081 548 2146 multas
573 2081 632 2145 sub
655 2081 786 2145 nomine
811 2079 944 2145 Christi.
1145 2104 1173 2144 ι.

108 2168 172 2233 Hic
195 2172 228 2232 et
252 2168 447 2232 Anastasius
472 2168 579 2232 fuerat
603 2168 776 2253 primarius
800 2168 900 2250 urbiS,

38 2272 89 2322 255
110 2255 170 2322 Cui
193 2256 326 2319 morbus
350 2256 460 2340 rapuit
481 2259 596 2319 natum
620 2256 782 2337 mortique
806 2258 971 2341 repressit.

109 2343 196 2408 Dum
219 2344 310 2408 cuius
333 2365 450 2428 corpus
473 2346 608 2428 portant
630 2345 696 2406 iam
719 2344 856 2408 condere
880 2349 994 2428 terrae,

109 2431 279 2515 Praecepit
302 2431 452 2496 dominus
476 2435 600 2516 sancto,
622 2435 660 2496 nt
682 2437 875 2515 properaret
898 2433 938 2497 ad
961 2435 1064 2500 illum.

110 2520 263 2585 Accelere
287 2521 428 2585 accurrit
451 2522 583 2606 cupiens
607 2521 837 2604 comprendere
860 2522 967 2606 funus,

109 2608 224 2674 Fatur:
248 2606 444 2693 ‘Anastasia
469 2609 497 2674 si
521 2608 687 2675 Christum
711 2609 840 2674 credere
864 2611 968 2693 malis,

38 2713 91 2765 260
110 2696 260 2781 Accipies
284 2697 396 2760 statim
419 2702 534 2762 natum
559 2697 598 2762 de
621 2702 727 2762 morte
749 2698 973 2782 redemptum?

111 2784 157 2850 ‘Si
180 2782 323 2869 poteris‚'
349 2783 444 2868 dixit,
468 2784 592 2851 ‘vivum
614 2786 695 2850 mihi
719 2786 852 2852 reddere
873 2791 998 2872 natum,

181 3018 233 3068 233
253 3011 388 3082 ‘repetas’
408 3010 420 3063 l
438 3026 575 3079 superscr.
639 3016 692 3066 286
713 3012 812 3082 ‘pugo’
832 3030 852 3065 ιι
871 3029 1007 3082 superscr.
1073 3021 1125 3070 240

111 3084 188 3141 ‘buc’
208 3103 228 3140 ιι
250 3099 385 3154 superscr.
458 3086 509 3137 242
530 3078 720 3136 ‘Christicole’
795 3088 847 3137 245
868 3083 996 3138 ‘addant'
1072 3092 1124 3141 246

111 3155 189 3210 ‘huc'
214 3175 234 3210 n
261 3171 396 3225 superscr.
420 3153 509 3208 ‘trans
537 3151 606 3208 exit’
631 3169 649 3206 v
677 3169 813 3223 superser.
894 3159 946 3207 249
972 3153 1123 3222 ‘predicat’

110 3233 161 3282 251
179 3228 246 3283 ‘non
265 3227 349 3281 ullos'
364 3245 384 3280 ιι
403 3241 537 3295 superscr.
556 3223 698 3278 ‘babtizat’
755 3229 806 3278 252
823 3225 927 3278 ‘cecos'
950 3223 1123 3293 ‘praecibus'

111 3297 350 3367 ‘daebilibnsque’
379 3301 529 3366 utrumque
556 3312 607 3365 per
635 3294 831 3365 compendium
862 3296 998 3363 scriptum
1070 3301 1124 3352 254

111 3367 192 3423 ‘anas
216 3369 284 3423 sius'
310 3370 422 3425 litterae
444 3370 476 3424 ta
498 3383 633 3438 superscr.
711 3370 762 3419 25⁵1
783 3366 932 3435 ‘precepit’
1007 3370 1059 3420 258
1079 3367 1125 3422 ‘ac

109 3440 202 3494 celerc'
228 3440 445 3510 disiungendum
471 3439 584 3495 videtur
659 3442 711 3497 269
736 3436 853 3490 ‘mallis’
929 3442 980 3491 261
1005 3436 1124 3490 ‘mhi'i

110 3525 246 3579 superscr.
