2354 3946
548 805 552 812 ·
582 775 641 848 IX

372 933 514 1015 VITA
538 931 579 1014 S.
599 929 847 1015 GISLENI.

532 1094 693 1106 -ι-...-

194 1211 403 1295 Praeceptori
426 1211 485 1276 ·O·
508 1212 702 1295 particulari
732 1216 766 1277 at
796 1212 945 1298 praelato
969 1211 1032 1275 ·W·
1055 1233 1121 1277 mo·
1136 1233 1149 1274 r.
1159 1221 1173 1270 1¹

105 1301 230 1367 nacbus
253 1300 461 1386 particularis
486 1304 519 1365 at
541 1299 688 1385 infimus,
711 1300 797 1385 quod
819 1302 907 1366 valet
930 1300 966 1365 in
989 1322 1119 1366 munus·

107 1391 188 1457 culis
204 1391 330 1455 melius.
355 1388 593 1455 Exhortatione
607 1393 674 1472 tua,
688 1411 770 1474 quae
785 1388 911 1454 utiliter
925 1389 1122 1472 sapientiam

107 1484 141 1543 et
169 1481 333 1563 sapienter
363 1479 546 1553 conformat
575 1482 607 1543 et
635 1480 728 1562 aptat
759 1477 806 1560 id,
838 1476 925 1562 quod
953 1487 1004 1542 est
1033 1476 1122 1559 utile,

107 1568 154 1632 nil
183 1568 347 1652 antiquius
375 1568 428 1633 vel
456 1567 625 1632 liberalius
653 1565 848 1631 existimavi.
889 1564 960 1643 Qua
988 1568 1123 1651 accepta

109 1659 142 1720 et
170 1656 271 1721 animi
298 1656 469 1720 intellectu
492 1656 656 1720 evidenter
680 1654 898 1733 considerata,
923 1653 987 1718 etsi
1014 1653 1122 1719 facilis

108 1744 195 1828 apud
222 1749 255 1809 te
282 1745 373 1810 locus
405 1743 627 1830 indulgentiae
655 1745 782 1827 pateat,
815 1741 983 1826 aliquanto
1011 1746 1124 1807 tamen

108 1834 215 1918 ipsam
238 1836 315 1899 tuae
333 1833 514 1898 industriae
530 1831 725 1897 facilitatem
748 1833 900 1916 suspecta
921 1829 1125 1895 formidabat

110 1922 276 1987 securitas.
320 1919 384 1986 Sed
407 1921 494 2006 quod
518 1920 709 1986 efficientiae
732 1918 932 1984 formidabat
955 1919 1125 2000 securitas,

109 2032 175 2075 non
197 2010 320 2095 refugit
339 2011 500 2075 amentiae
518 2008 700 2092 temeritas3
723 2008 834 2092 immo,
858 2006 934 2091 quia
953 2029 973 2071 a
991 2010 1024 2072 tc
1043 2006 1125 2071 illud

110 2098 266 2183 sapientis
286 2097 415 2180 saepius
435 2097 574 2162 attendi:
596 2097 775 2181 [quoniam]
796 2095 963 2160 ‘Amorem
980 2098 1124 2162 veterem

111 2185 204 2269 quasi
227 2185 354 2249 clavum
378 2184 470 2249 clavo
489 2205 530 2247 ne
554 2182 721 2266 expellas?
762 2184 807 2248 Et
831 2183 946 2248 merito
966 2182 1062 2248 fortis
1087 2188 1125 2250 ut

110 2294 198 2339 mors
218 2271 305 2335 dicta
328 2272 458 2354 caritas,
481 2271 566 2354 quia,
590 2270 675 2336 sicut
697 2292 755 2355 per
773 2278 912 2337 mortem
930 2270 971 2337 ab
990 2271 1123 2337 homine

109 2359 244 2425 interior
267 2358 414 2443 privatur
435 2358 543 2443 homo,
573 2359 619 2424 sic
642 2364 675 2424 et
701 2359 788 2424 idem
812 2383 831 2424 a
854 2359 1041 2426 carnalibus
1065 2384 1124 2446 per

110 2447 281 2513 caritatem
308 2447 457 2533 privatur
481 2447 663 2533 desideriis,
692 2471 773 2534 quae
797 2449 943 2515 militant
966 2449 1124 2514 adversus

181 2674 279 2729 Totius
307 2675 415 2746 primas
443 2678 565 2747 paginae
592 2677 752 2733 litterarum
779 2675 878 2730 ductus
900 2674 1042 2729 vetustate
1067 2675 1125 2730 iam

111 2749 313 2801 evanescentes
337 2746 460 2801 secunda
478 2765 577 2802 manus
596 2749 626 2802 et
645 2747 811 2815 ecquidem
830 2744 899 2801 satis
918 2744 1048 2815 antiqua,
1073 2745 1126 2800 ali·

112 2819 182 2884 quot
199 2817 269 2872 locis
288 2816 385 2885 tertia,
404 2820 438 2872 ut
455 2817 577 2886 videtur,
599 2832 673 2871 nova
692 2818 830 2886 scriptura
848 2815 1042 2885 interpolavit,
1068 2834 1124 2886 quo

111 2888 219 2942 factum
238 2891 290 2957 est,
308 2890 342 2942 ut
359 2887 444 2943 lectio
460 2888 611 2943 admodum
625 2887 750 2941 difficilis
765 2886 802 2941 sit
816 2888 846 2941 et
858 2888 922 2955 plus
937 2902 1022 2955 quam
1036 2888 1126 2943 semel

112 2956 233 3027 dubites,
253 2975 289 3014 an
308 2959 447 3014 recentior
464 2959 595 3013 librarius
612 2957 756 3011 erraverit.
771 2986 807 2996 -
822 2955 1023 3025 ‘particularis’
1039 2975 1125 3028 supra

111 3027 216 3083 lineam
234 3030 367 3099 positum.
384 3060 418 3071 —
434 3027 639 3083 ‘Exortatione’
655 3027 734 3081 hvel
753 3026 822 3080 nota
836 3028 932 3082 omissi
949 3029 969 3081 h
987 3045 1124 3098 superscr.

112 3129 147 3139 -
169 3100 308 3170 ‘accepta’
332 3116 386 3155 sec.
405 3118 441 3153 m.
463 3097 598 3167 ‘recepta'
619 3126 652 3136 —
674 3096 839 3151 ‘euidenter’
861 3113 995 3166 superscr.
1017 3099 1123 3155 ‘cauta’

112 3201 147 3210 -
163 3171 316 3239 ‘suspecta'
338 3187 472 3239 superscr.
490 3167 624 3237 ‘sperata’
641 3197 675 3207 —
691 3167 842 3220 ‘amentiae
859 3168 1026 3236 temeritas,'
1048 3170 1126 3240 quod

112 3241 252 3296 recentior
270 3259 371 3296 manus
391 3257 475 3310 supra
492 3240 595 3293 lineam
614 3237 776 3304 collocavit,
795 3237 918 3306 genuina
932 3237 1044 3294 videtur
1064 3257 1124 3296 esse

114 3310 264 3380 scriptura3
285 3313 319 3365 de
338 3327 407 3366 voce
425 3309 569 3365 temeritas
589 3309 688 3363 saltem
706 3324 763 3361 non
781 3306 943 3377 ambigitur.
980 3311 1019 3363 At
1037 3311 1124 3366 inter-

113 3381 225 3451 polator
238 3381 287 3436 ills
308 3381 420 3450 scripsit
436 3378 597 3434 ‘Amicitiae
616 3377 782 3432 sinceritas’.
801 3408 836 3418 —
852 3378 932 3433 ‘imo'
945 3409 978 3418 -
991 3381 1121 3437 ‘karitas’

114 3483 148 3492 -
167 3453 231 3523 post
251 3452 360 3507 ‘bomo’
382 3455 440 3507 tres
458 3451 517 3506 fere
535 3451 647 3506 litterae
666 3464 759 3503 erasae
778 3450 842 3503 sunt
859 3479 893 3489 -
910 3448 1085 3505 ‘karitatem’
