2354 3946
389 198 449 255 Vll.
477 200 602 256 PASSIO
622 199 649 257 S.
667 199 836 256 ARNULFI.
1078 199 1119 264 87

54 381 88 429 20
107 363 179 426 lam
202 359 335 427 Christo
359 362 489 427 dominc
513 384 607 448 reges
631 365 862 448 satrapumque
885 364 1066 450 phalanges
1138 381 1154 422 r.

109 450 299 517 Subduntur
322 449 438 516 domiti
461 451 600 515 cervices
624 455 658 515 ct
680 451 750 516 fera
774 452 873 536 colla3

109 538 228 604 Omnia
250 539 352 603 ferme
375 539 439 604 soli
461 542 589 603 certant
612 540 734 605 servire
756 541 899 625 tonanti3

108 627 223 712 Regna
247 631 340 692 sueta
364 627 428 692 sibi
450 627 603 711 linquunt
625 629 724 710 mala,
749 628 887 714 denique
910 628 1065 715 quidquid

107 715 197 780 Utile
221 715 421 800 repperiant,
444 715 478 779 id
501 737 610 781 secum
632 716 791 802 stringere
816 721 940 783 curant.

479 854 553 909 Laus
571 853 750 910 Francorum.

54 985 88 1035 25
108 963 252 1028 Tandem
276 963 438 1028 continuis
462 984 628 1028 armorum
652 963 793 1029 exercita
817 963 902 1028 curis

107 1050 245 1117 Francia
267 1052 475 1135 bellipotens,
499 1073 581 1137 quae
604 1051 715 1116 nescia
738 1055 865 1117 vertere
887 1056 997 1137 terga,

109 1141 194 1216 Quin
216 1143 327 1223 potius
351 1139 464 1205 hostes
489 1140 642 1205 audacter
665 1141 761 1206 docta
782 1138 890 1224 ferire,

106 1228 246 1294 Victrici
269 1229 382 1293 dextra
404 1227 548 1294 referens
570 1227 699 1294 famosa
720 1232 858 1314 tropaea

107 1316 251 1383 Proterit
274 1317 428 1382 adversas
453 1317 517 1382 sibi
541 1317 681 1382 subdens
704 1317 846 1403 undique
870 1321 993 1404 gentes,

54 1422 89 1472 30
108 1405 270 1472 Convolat
294 1405 334 1471 ad
357 1405 432 1470 fidei
455 1409 622 1489 comperto
645 1406 779 1471 tramite
802 1407 914 1471 lumen

108 1494 230 1559 Ordine
254 1498 306 1559 sat
329 1495 473 1579 pulchro,
497 1517 570 1559 cum
593 1516 651 1558 rex
674 1493 879 1560 (lhlcdcveus
904 1498 937 1559 et
960 1493 1066 1560 omnis

106 1582 315 1667 Pugnantum
339 1604 457 1648 cuneus
480 1582 640 1667 praecelsi
661 1581 821 1667 praesulis
844 1583 960 1667 ingene

106 1671 250 1757 Remigii
272 1671 380 1736 verbis
405 1672 550 1737 succensi
573 1675 707 1756 pectora
730 1670 871 1735 flammis

106 1759 236 1854 Divinis
262 1763 379 1844 optant
401 1760 437 1824 in
460 1781 551 1825 sacro
575 1759 666 1825 fonte
689 1758 782 1844 piari.

407 1899 557 1954 Exsecutio
577 1899 728 1968 conceptae
748 1897 822 1953 fidei.

55 2023 88 2073 35
107 2005 224 2071 Gratia
246 2006 396 2072 caelestis
418 2006 486 2072 iam
508 2029 566 2092 per
589 2029 648 2071 sua
671 2028 749 2072 vasa
771 2005 955 2071 redundans

107 2093 261 2178 Quaeque
285 2117 344 2160 suc
367 2096 441 2161 loca
464 2095 638 2180 magnifico
663 2096 841 2182 spargebat
865 2095 973 2180 odore,

106 2183 250 2248 Interius
274 2183 357 2249 moti
380 2184 470 2250 cuius
495 2183 670 2269 spiramine
695 2182 792 2267 multi

106 2271 254 2337 Horrent
277 2272 404 2337 confusi
427 2273 515 2338 vitae
538 2274 739 2338 monimenta
762 2272 882 2356 prioris

106 2359 311 2445 Erroresque
334 2360 454 2426 cadunt
477 2364 511 2426 et
533 2361 611 2427 fana
633 2361 747 2427 relicta
769 2361 939 2447 lugentum

58 2463 90 2514 40
107 2449 254 2514 Luminis
279 2449 437 2515 adventus
459 2471 537 2514 nam
561 2471 689 2535 semper
712 2450 834 2514 decutit
856 2450 998 2515 umbras.

108 2535 199 2602 Tunc
221 2559 307 2602 nova
329 2538 502 2624 progenies
526 2540 627 2621 nasci,
652 2540 799 2622 speciosa
821 2559 980 2624 propago,
1139 2561 1176 2603 r.

109 2624 261 2691 Cernitur
282 2626 461 2690 innumeris
486 2630 518 2690 et
541 2647 684 2690 cresccre
706 2624 806 2689 turba
828 2625 933 2689 fidelis

108 2711 279 2778 Virtutum
302 2713 414 2800 signis.
455 2713 572 2779 Manus
594 2713 657 2778 hoc
680 2714 751 2798 agit
774 2712 1018 2798 omnipotentis,

109 2800 199 2867 Haec
222 2805 272 2866 cst
296 2801 418 2867 excelsi
440 2803 572 2867 dextrae
595 2800 733 2866 mutatio
757 2802 855 2885 regis,

60 2901 92 2954 45
110 2887 243 2955 Scilicet
264 2894 302 2955 ut
324 2912 419 2956 roseo
441 2893 578 2957 vernent
601 2893 718 2955 ornata
740 2888 855 2954 decore

110 2977 200 3043 Arva
223 2977 278 3043 diu
300 2979 441 3044 tribulos
465 2984 498 3044 et
521 2982 628 3043 sentes
651 2978 737 3043 ferre
760 2982 862 3042 sueta.

176 3128 257 3201 Quod
275 3136 356 3205 pater
374 3135 404 3189 et
421 3137 512 3190 mater
530 3132 669 3205 baptizati
687 3132 746 3188 sint
764 3149 782 3187 a
800 3133 898 3187 sancto
916 3129 1053 3200 Remigio.

110 3242 235 3329 Utpote
258 3242 309 3308 vir
333 3242 479 3328 quidam,
502 3241 673 3318 Quiriacue
697 3243 847 3306 onomate
870 3240 978 3323 notus,

111 3328 251 3397 Sublimi
274 3332 382 3397 clarus
404 3330 572 3397 Gallorum
595 3331 696 3414 stirpe
720 3333 856 3414 creatus,

182 3494 217 3544 23
233 3487 391 3557 ‘quicquid'
447 3493 482 3543 28
498 3487 637 3556 ‘tropaea’
654 3516 688 3527 -
704 3483 862 3541 ‘Exscutio’
876 3516 913 3526 —
931 3489 965 3539 35
985 3483 1121 3542 ‘celestis’

112 3563 145 3614 36
165 3559 240 3614 ‘aaa’
261 3575 278 3614 o
298 3574 433 3628 superscr.
525 3571 527 3574 ⁴
