2354 3946
424 181 471 241 111.
498 181 547 236 nn
565 181 696 238 unaco.
1007 185 1065 249 137

42 335 103 399 rito
125 335 244 414 πτὼξ
268 337 301 398 ct
324 335 369 400 sic
384 336 481 400 dicito
497 336 662 415 strictiori,
687 337 787 418 lepepo
803 338 835 400 et
851 337 961 418 lepepc':
983 337 1066 419 quod

44 419 139 484 etiam
162 418 200 483 in
221 418 347 502 primas
362 419 598 504 coniugationis
615 422 865 485 commentatiuo
881 421 957 484 licet
971 421 1066 484 modo

44 504 150 569 uerbis
162 507 330 569 conantur
344 508 486 569 astruere
501 507 537 568 ut
550 525 609 588 pro
625 505 750 571 clamito
766 514 797 569 et
810 507 911 570 nocito
926 505 1067 569 habeant

47 588 199 655 otumumo
215 591 250 652 et
262 609 392 667 uoccco,
416 592 448 653 et
463 590 510 654 sic
525 588 701 654 secundum
715 591 924 672 praeteritum
939 594 1066 673 tempus

50 672 243 739 clamamuui
264 677 298 738 et
318 676 481 739 uocccuui.
515 675 600 757 quod
622 674 699 757 quia
720 673 810 737 nulla
833 675 969 741 ueritate
995 675 1065 738 sub·
1091 693 1104 735 5

52 757 155 822 nixum
183 761 283 840 atque
310 758 476 822 suffirltum
504 761 572 842 est,
602 779 668 822 non
698 758 739 822 ad
762 760 988 823 auctoritatem
1012 760 1066 823 sed

54 840 90 906 ul
108 841 354 926 ambiguitatem
377 842 581 908 scribendum
603 847 661 906 est.

130 924 244 992 Solent
272 930 383 992 tamen
409 927 514 992 nostri
541 948 623 1011 pene
654 948 764 991 omnes
792 927 828 990 in
849 927 915 991 suis
938 928 1066 1011 scriptis

56 1012 85 1073 et
107 1032 201 1095 saepe
228 1010 330 1075 uerba
358 1033 541 1094 conserere,
571 1033 653 1095 quae
682 1011 798 1076 uitioso
821 1015 978 1076 consuetu
1000 1019 1066 1076 tam

57 1095 256 1160 auctoribus
285 1117 379 1180 quam
408 1098 507 1162 etiam
534 1118 554 1160 a
580 1096 764 1161 recentibus
786 1097 996 1179 scriptoribus
1018 1098 1066 1160 in·
1081 1117 1105 1156 ιο

59 1184 133 1245 acria
153 1183 245 1259 sunt,
268 1180 386 1246 multas
402 1184 438 1246 ut
455 1203 527 1246 reor
542 1180 583 1244 ob
598 1202 725 1246 causas:
750 1181 817 1245 siue
832 1181 917 1244 enim
934 1185 1067 1265 propter

60 1262 150 1347 ipsam
200 1264 315 1347 lifiam,
347 1270 384 1330 nt
410 1265 533 1331 scilicet
559 1265 693 1330 lectores
721 1265 904 1350 inpediant3
940 1268 1007 1331 sine
1033 1270 1069 1330 ut

62 1349 175 1414 ueniab'
193 1350 242 1413 ‘us
264 1371 318 1414 eos
341 1371 506 1415 excussem
520 1353 654 1434 propter
669 1349 868 1415 difficultatis
883 1373 1067 1434 pensuram,

10 1464 31 1509 μ
62 1432 104 1497 nal
129 1437 213 1499 certe
240 1438 278 1499 ut
305 1434 366 1499 hac
395 1434 585 1500 difficultate
608 1434 807 1499 audientium
830 1456 868 1499 ac
890 1436 1068 1520 legentium

14 1536 17 1541 ·
62 1517 174 1584 animos
195 1518 344 1584 incitent.
382 1523 415 1584 et
436 1520 499 1584 hoc
520 1518 616 1583 modo
634 1540 707 1583 cum
723 1541 742 1582 a
756 1519 950 1584 doctissimis
964 1521 1066 1584 nostri
1082 1537 1106 1578 1⁵

61 1603 199 1687 temporis
228 1604 391 1689 magistris
419 1604 499 1670 haec
526 1608 679 1687 usurpata
706 1608 797 1684 sunt,
825 1626 892 1669 non
923 1604 1026 1670 solum
1049 1627 1068 1668 a

61 1687 270 1769 praesentibus
292 1689 504 1772 scriptoribus
526 1688 617 1754 uelut
639 1688 678 1752 cd
701 1688 916 1752 indubitatam
932 1689 1068 1752 auctori·

61 1774 161 1856 bbm,
189 1793 303 1837 uerum
331 1775 427 1839 etiarn
456 1797 476 1838 a
501 1774 640 1858 posteris
663 1773 886 1855 suscipientur.
931 1772 1013 1836 sicut
1032 1773 1065 1834 in

60 1852 132 1921 libro
157 1856 353 1942 Falangis
381 1858 545 1924 cuiusdam
568 1857 832 1923 Lacedaemonici
859 1855 922 1919 uiri
949 1856 1067 1920 lectum

61 1946 101 2005 cc
125 1943 297 2022 xriprscro;
329 1943 413 2026 quod
446 1943 485 2008 ad
514 1943 637 2027 primae
666 1940 904 2026 coniugationis
932 1941 1065 2005 uerbum
1080 1958 1105 1998 20

59 2026 207 2107 pertinere
234 2047 255 2090 a
282 2026 448 2092 nonnullis
476 2032 625 2111 putatum
654 2032 717 2106 est,
747 2027 822 2110 quia
844 2025 968 2090 scilicet
989 2029 1067 2090 tern-

59 2110 132 2193 poris
163 2110 267 2176 futuri
299 2112 562 2177 coniunctionem
587 2112 681 2179 modi
713 2111 880 2176 indicatiui
913 2111 1067 2195 temporis

58 2196 225 2276 praesentis
254 2196 325 2261 loco
359 2198 497 2281 scriptor
530 2197 675 2281 inposuit
707 2196 832 2260 dicens:
867 2196 943 2261 hacc
970 2196 1067 2276 nobie,

59 2282 155 2360 amici,
190 2282 288 2363 quasi
314 2282 429 2364 populi
461 2284 522 2348 mei
554 2283 646 2365 filiis,
680 2282 844 2363 dillpenter
875 2283 1008 2347 emuncto
1041 2287 1069 2346 et

10 2378 13 2437 ;
58 2366 208 2447 macero.
253 2386 358 2448 neque
388 2367 474 2430 enim
506 2365 697 2432 credendum
727 2370 776 2429 est
803 2366 934 2430 doctum
961 2367 1066 2429 uirum
1081 2378 1106 2418 2⁵

58 2446 163 2531 luunt)
194 2471 268 2515 cum
297 2450 512 2534 copulatiuum
542 2451 803 2516 coniunctionem
832 2451 1067 2534 interposuerit,

58 2550 112 2599 non
137 2534 203 2600 duo
231 2535 415 2619 praesentia
442 2538 540 2599 uerba
562 2535 774 2600 conaffixisse.
812 2536 896 2599 unde
920 2538 953 2599 et
973 2535 1066 2598 mult'

57 2622 229 2684 metrorum
253 2620 391 2684 maxime
413 2619 580 2685 Gallorum
609 2620 670 2684 hoc
692 2622 824 2684 uerbum
847 2621 969 2702 primae
993 2641 1067 2684 con·

10 2706 12 2759 l
58 2698 221 2787 ingutionis
244 2725 313 2768 esse
334 2705 526 2788 opinantur,
549 2708 587 2768 ut
609 2705 718 2769 dicant
739 2726 813 2789 sepe
828 2707 1021 2787 scripserant
1035 2709 1068 2768 et

10 2788 12 2853 3
57 2789 240 2871 cripscaoo
268 2810 306 2853 ac
333 2790 524 2872 scripseram
546 2793 579 2853 et
601 2792 715 2856 cetera.
752 2791 798 2854 sic
821 2790 918 2854 etiam
940 2791 975 2852 in
998 2789 1067 2871 qui·
1080 2800 1106 2841 ³⁰

10 2888 12 2905 ²
58 2867 178 2939 busdam
191 2873 398 2939 Gallorum
412 2876 598 2939 nostrorum
614 2875 741 2957 scriptis
757 2875 937 2938 inuenimus
954 2893 1065 2954 cauco,

59 2974 117 3021 cum
139 2980 201 3023 nos
223 2978 304 3023 cano
326 2958 466 3023 scribere
489 2980 688 3024 consuemus.
726 2959 864 3040 denique
881 2956 1066 3019 Bientius

59 3042 174 3123 qnidam
214 3043 423 3127 epistolarem
461 3064 612 3108 exercens
649 3065 781 3107 manum
813 3041 932 3104 talibus
966 3040 1068 3103 utitur

113 3288 125 3335 1
144 3279 249 3353 vincici
266 3279 301 3334 N
319 3280 329 3348 l
354 3285 385 3333 13
403 3279 468 3334 veni
491 3279 526 3333 ab
548 3277 624 3331 illius
641 3278 675 3331 N
692 3279 702 3345 ΙΙ
726 3280 755 3329 15
773 3274 882 3351 animus
898 3273 934 3351 N
950 3274 960 3340 ΙΙ
983 3279 1013 3326 17
1026 3274 1068 3326 in·

56 3344 172 3404 tabitam
191 3348 225 3402 N
234 3348 245 3417 {l
260 3353 292 3402 18
309 3346 441 3415 posteriis
459 3347 493 3400 N
507 3361 576 3404 corr.
587 3346 653 3399 Mai
665 3346 674 3413 ΙΙ
689 3351 719 3398 19
739 3342 933 3396 lacedommrcr
950 3340 984 3395 N
997 3355 1068 3396 corr.

55 3411 107 3470 llas·
121 3418 132 3486 1
148 3422 182 3471 27
202 3414 376 3471 conafeoissc
393 3414 428 3468 N
453 3413 629 3468 conaffixisse
647 3427 715 3467 corr.
730 3409 831 3465 Hartel
843 3411 853 3478 ΙΙ
866 3408 1020 3461 multorum
1037 3409 1071 3464 N

54 3496 112 3539 corr.
128 3484 195 3541 Mai
207 3485 217 3553 l
230 3489 264 3538 32
283 3482 379 3549 hanno
396 3456 435 3542 N
