2354 3946
341 192 403 247 VII.
430 191 556 249 PASSIO
576 192 603 248 S.
621 192 794 249 ARNULFI.
1031 191 1073 257 89

60 355 237 421 Sustulerit
260 360 386 421 mentes
410 355 538 421 divinae
562 356 645 440 legis
668 359 826 439 amantes,

61 445 211 510 Cultores
236 444 363 511 Christi
385 466 468 529 quae
491 444 611 530 gaudia
634 443 856 528 sollicitarint,

59 533 167 599 Huius
189 534 312 598 natalis
335 533 468 618 patulas
492 554 564 597 cum
587 536 738 616 tangeret
762 532 878 597 aures?

11 639 40 688 30
62 621 89 688 Ο
111 622 306 706 fortunatos,
330 622 402 706 quis
427 621 621 686 sufficientia
643 621 741 704 plena

60 710 89 774 ll
114 712 204 776 caelo
228 711 356 795 dilapsa
379 710 480 775 venit!
521 708 598 775 Non
619 714 767 792 tempora
790 713 922 793 gestant

60 799 162 864 Istius
185 800 269 864 hanc
292 800 388 881 vitae,
410 820 524 864 verum
548 820 606 863 sua
629 819 764 862 munera
786 796 936 863 Christus

61 888 129 953 Dat
152 888 344 972 quandoque
368 887 436 952 suis
460 887 560 951 etiam
583 887 747 951 contraria
768 887 832 950 iuri

61 976 217 1059 Naturae,
240 998 322 1062 quae
346 975 483 1060 quisque
506 978 617 1040 manet
639 979 809 1058 compacta
832 974 958 1040 creatis.
1092 985 1150 1034 aar

11 1081 42 1130 85
62 1065 153 1150 Ergo
177 1064 229 1130 dei
250 1086 370 1130 nomen
392 1063 557 1129 laudabile
580 1063 746 1147 praedicet
769 1063 877 1128 omnis

63 1151 202 1238 Spiritus
227 1153 376 1237 obsequii
397 1152 588 1237 persolvens
612 1152 724 1217 munia
744 1153 833 1237 puri,

62 1240 138 1325 Qui,
162 1241 246 1326 quod
269 1243 353 1324 vult,
377 1241 508 1324 faciens,
531 1246 721 1306 cunctorum
744 1240 902 1322 conditor,
925 1262 1021 1305 omne

62 1329 144 1394 Cum
167 1330 308 1414 propriis
331 1352 439 1394 rerum
463 1330 585 1413 passim
609 1329 796 1394 dominatur
818 1330 967 1412 habenis,

63 1416 214 1483 (dulmine
235 1419 305 1484 iure
328 1423 442 1483 tenens
466 1419 643 1502 caelorum,
667 1418 723 1482 sed
746 1421 857 1482 tamen
880 1417 966 1481 idem

13 1523 43 1572 90
62 1507 179 1572 Infima
202 1529 268 1573 non
292 1507 405 1589 abicit,
431 1508 566 1571 miseras
589 1527 656 1571 non
679 1506 767 1570 calce
790 1507 937 1589 querelas

64 1595 232 1680 Reprobat
255 1599 313 1660 aut
336 1595 467 1660 surdam
491 1595 587 1659 durat
610 1593 783 1659 crudeliter
806 1615 927 1658 aurem.

63 1683 145 1766 Pax,
168 1688 205 1748 ut
229 1685 384 1750 odoratur
406 1685 554 1768 miseros,
577 1683 750 1748 clementia
772 1681 880 1746 fundit

62 1771 172 1859 Larga
195 1772 294 1858 dapes
317 1772 501 1857 nimiaeque
525 1774 615 1836 sinus
640 1771 746 1854 aperit
768 1770 901 1854 pietatis

63 1860 128 1925 Pro
152 1861 282 1926 modulo
306 1883 432 1945 causae,
455 1882 538 1944 quae
561 1859 704 1925 concitat
727 1859 823 1922 anxia
846 1880 1014 1942 quemque.

15 1962 45 2012 85
64 1949 126 2025 Qui
149 1953 235 2033 pote,
258 1971 314 2015 rex
338 1953 478 2031 aeterne,
500 1948 562 2012 tibi
585 1946 787 2013 sollemniter
809 1946 916 2031 impos

63 2036 111 2103 Ut
133 2038 232 2103 homo
256 2038 389 2103 virtutis
412 2037 575 2102 labiorum
598 2036 741 2120 pondera
763 2035 891 2118 reddat,

64 2125 154 2201 Quae
177 2127 343 2210 placeant,
366 2133 400 2191 et
421 2129 500 2192 vota
524 2125 620 2189 simul
644 2125 801 2190 distincta
824 2123 996 2190 decenter?

64 2211 109 2278 Ni
131 2217 165 2278 te
188 2215 286 2280 dante
309 2215 375 2279 sibi
395 2215 444 2279 nil
467 2213 607 2300 percipit
628 2213 796 2278 utilitatis.

64 2303 223 2368 Omnibus
246 2303 396 2388 impertis
419 2307 484 2387 tua,
506 2303 580 2369 lons
604 2306 638 2367 et
661 2303 754 2389 origo
777 2302 954 2384 bonorum,

9 2400 48 2452 loo
64 2390 153 2466 Quae
177 2393 281 2477 gratis
306 2391 425 2456 dantur
447 2391 599 2456 humanis
623 2391 797 2474 mentibus,
819 2394 857 2455 ut
880 2390 948 2456 sint

65 2478 256 2546 Conformes
279 2480 360 2545 iusti
382 2480 503 2565 iugiter
524 2480 657 2564 verique
680 2501 825 2564 capaces.

65 2569 193 2652 Aspice,
210 2605 255 2615 -
272 2591 350 2633 nam
372 2569 435 2634 tibi
454 2572 570 2634 cuncta
592 2571 709 2652 patent
728 2571 761 2632 et
779 2567 912 2653 cognita
929 2566 1014 2632 fiunt
1031 2602 1076 2614 -

65 2656 188 2721 Praebe
211 2657 307 2742 signa
329 2656 411 2740 viae,
434 2678 517 2742 quae
540 2677 592 2720 me
615 2677 681 2719 non
703 2655 832 2740 linquat
854 2656 992 2720 inertem

66 2743 116 2808 Ire
139 2767 197 2829 per
219 2746 409 2831 abruptum,
431 2744 540 2829 potius
563 2743 724 2808 tutamine
744 2744 864 2808 fultum

9 2839 49 2892 105
65 2832 192 2898 Pandat
214 2833 279 2899 iter
300 2833 401 2899 fidum
426 2833 564 2899 sublatis
587 2831 729 2916 undique
751 2832 845 2915 fucis,

67 2921 128 2997 Qui
152 2921 205 2986 via
228 2944 355 3006 semper
378 2923 464 3004 ades,
485 2922 574 3005 Iesu,
596 2919 763 2985 benedicte
786 2921 982 3004 redemptor.

66 3008 137 3075 Hoc
161 3009 280 3075 dixisse
302 3010 369 3076 tuis
392 3011 472 3076 olim
496 3010 687 3075 reminiscor
710 3009 858 3073 alumnis.
1094 3031 1111 3073 r.
1124 3024 1154 3073 sv

138 3207 171 3256 '19
197 3201 323 3257 ‘natalis'
354 3216 407 3256 sco.
436 3219 472 3255 m.
501 3216 635 3270 superscr.
661 3198 804 3255 ‘nominis’
887 3203 922 3253 80
947 3197 1033 3267 ‘quis’
1058 3197 1077 3251 b

68 3290 202 3344 superscr.
280 3277 313 3327 81
340 3272 424 3328 ‘celo'
503 3277 536 3326 82
563 3271 658 3325 ‘hane'
688 3287 742 3325 sec.
766 3288 802 3325 m.
827 3285 963 3338 superscr.
989 3267 1076 3323 ‘suffi-

67 3343 211 3398 cientiam’
280 3349 315 3398 85
341 3343 406 3398 ‘aii’
475 3348 510 3398 88
535 3341 677 3396 ‘dominat'
704 3357 789 3410 supra
816 3341 940 3394 litteram
967 3355 983 3393 e
1010 3339 1079 3393 nota

66 3414 159 3469 minus
177 3413 255 3469 clara
273 3416 367 3469 exstat
420 3420 454 3469 88
473 3413 608 3467 ‘celorum
627 3413 694 3466 non’
715 3411 794 3466 ‘non’
811 3410 935 3466 deletum
954 3412 984 3465 et
1003 3408 1076 3463 ‘aad'

65 3485 507 3627 taratantara
526 3482 798 3624 “ausculta
862 3488 897 3537 Μ
913 3479 1076 3548 ΜΜ
