2354 3946
368 144 415 240 ru.
444 183 531 240 vrrs
549 183 576 239 s,
596 183 765 239 AGNETIS.
1028 183 1072 246 45

58 348 148 424 Quae
173 348 260 433 geris
284 347 421 413 interius
444 368 559 432 regum
583 346 781 413 dominantis
804 346 957 430 asylum.v

56 437 180 521 Magna
203 437 280 501 licet
304 436 412 501 videas
436 458 544 501 rerum
568 438 761 521 spectacula,
784 457 908 500 cernas:

57 525 214 590 Exterius
238 526 359 590 collata
381 529 515 590 manent
537 525 577 589 ud
600 530 728 609 tempus
751 524 882 607 honori,

59 613 203 678 Interius
226 613 373 698 praelata
396 615 531 698 micant,
556 635 646 698 quae,
670 614 755 678 dona
776 612 906 698 pudori,

10 723 40 772 ιο
61 701 237 767 Decretum
259 723 326 767 non
348 703 395 766 ire
420 706 543 787 queunt
566 712 626 768 nec
648 703 711 766 fine
733 702 896 786 peribunt.
1092 730 1107 769 r.
1120 721 1144 770 5¹

60 790 151 856 Haec
174 813 247 855 cum
271 791 479 877 scortisequis
504 794 689 874 cernuntur,
712 794 747 856 at
769 791 828 855 illa
850 787 985 874 pudicis.

60 879 116 944 Fit
139 879 252 943 domus
276 881 401 944 interea
423 879 509 944 votis
534 880 662 945 obnoxa
684 881 834 964 lupanar,

60 968 222 1032 intrasset
245 968 374 1052 penitus
397 967 538 1033 lustrum
562 969 743 1052 quicunque
767 969 944 1050 volentum,

60 1056 188 1121 Lumen
210 1056 363 1122 adoraret
386 1079 521 1122 cernens
544 1057 673 1141 lucique
695 1056 830 1140 rediret,

11 1166 41 1214 15
62 1144 166 1220 Quam
189 1145 274 1209 foret
297 1146 473 1231 ingressus,
497 1146 613 1210 cedens
635 1145 703 1211 iem
726 1145 875 1210 mundior
897 1145 976 1229 ipse.

62 1234 266 1299 Alternando
289 1234 376 1299 vices
398 1234 513 1298 fierent
536 1235 613 1299 dum
635 1235 717 1299 talia
739 1256 862 1317 rerum,

61 1322 226 1387 Praesidis
251 1322 441 1408 aggreditur
464 1323 594 1388 suboles
619 1324 740 1388 effrena
762 1324 941 1406 theatrum,

63 1411 152 1487 Quae
176 1415 274 1495 caput
297 1411 467 1476 exstiterat
490 1413 630 1490 sceleris,
654 1434 736 1495 quae
758 1433 855 1476 causa
878 1412 1053 1493 malorum,

62 1502 112 1564 Ac
136 1521 244 1564 secum
267 1504 428 1568 nocturna
450 1522 570 1565 vocans
595 1500 635 1564 ad
658 1500 747 1564 bella
770 1499 911 1564 sodales:

11 1609 43 1658 20
64 1587 228 1673 ‘insulta'
253 1588 386 1672 repetit,
410 1587 563 1675 domino,
586 1591 757 1672 scortator,
781 1585 923 1653 amicae?

63 1676 128 1742 Sed
150 1677 241 1762 prius
263 1676 441 1764 ingressae,
463 1678 530 1741 urit
554 1699 635 1761 quos
659 1680 731 1741 atra
754 1676 864 1761 libide,

61 1766 215 1830 Imbelles
240 1766 279 1830 ad
303 1770 417 1849 stupra
439 1765 519 1831 facit
542 1765 598 1831 lux
622 1766 710 1830 alma
732 1765 852 1849 redire3

61 1854 132 1918 Lux
154 1854 288 1918 inventa
309 1854 417 1940 fugat,
440 1875 521 1938 quos
544 1855 646 1918 traxit
668 1854 702 1918 in
725 1856 821 1918 antra
844 1850 967 1935 cupide.

63 1941 151 2018 Quos
176 1942 262 2006 exire
284 1941 374 2008 foras
397 1943 522 2008 iuvenis
546 1943 622 2008 dum
645 1943 728 2008 vidit
750 1944 872 2025 inanes,

10 2051 43 2100 25
63 2031 183 2116 Arguit
206 2053 340 2096 enerves
362 2035 518 2116 reputans
542 2032 720 2117 mollesque
744 2031 898 2113 misellos,

62 2119 109 2184 Et
132 2120 221 2184 velut
245 2143 337 2184 arma
361 2121 448 2205 capit
470 2120 586 2204 hostis,
609 2122 685 2185 dum
707 2118 814 2185 fertur
835 2121 870 2183 in
892 2119 1034 2201 hostem,

63 2206 117 2272 Sic
140 2230 296 2293 praeceps
319 2210 498 2294 rumpendo
519 2231 628 2274 moras
651 2212 729 2274 tunc
751 2207 856 2273 fertur
878 2207 914 2271 in
937 2212 1077 2291 antrum,

64 2295 200 2361 Oratam
224 2319 287 2380 quo
311 2297 404 2382 virgo
426 2298 521 2363 iacet.
567 2297 721 2363 Secedere
743 2298 858 2362 nolens

63 2384 211 2450 Luminis
235 2387 387 2470 irrumpit
409 2387 564 2471 medium,
588 2409 651 2472 quo
676 2391 791 2471 saepta
814 2385 956 2470 iacebat,

10 2495 44 2543 30
65 2470 128 2538 Sed
152 2474 247 2538 datur
271 2478 346 2538 ante
370 2475 467 2559 mori,
490 2476 549 2539 fiat
572 2498 669 2560 quam
692 2479 800 2541 tactus
824 2475 952 2539 amoris.

62 2561 133 2627 Nec
155 2562 234 2627 terit
257 2563 346 2626 intus
370 2584 470 2649 agens
494 2565 652 2648 morulas,
676 2564 766 2647 dum,
791 2562 906 2627 mortis
931 2562 1075 2648 adeptor,

63 2650 155 2715 Inter
178 2651 234 2736 agi
257 2655 290 2715 et
314 2655 466 2736 suspecta
487 2650 568 2716 foris
591 2652 657 2716 iam
681 2652 777 2716 foeda
798 2653 930 2735 putaret

63 2736 275 2823 Complicitas
298 2739 466 2825 iuvenum,
488 2741 627 2805 miserae
650 2739 841 2805 notissimus
863 2738 914 2802 illi

64 2825 275 2913 Oongaudere
298 2833 418 2912 putans
441 2829 577 2913 copulae
601 2828 756 2893 successit
778 2828 813 2892 in
837 2831 969 2891 antrum

11 2915 411 3000 351nveniensquenecis
435 2918 585 2982 iuvenem
608 2917 675 2982 iam
699 2920 786 2981 sorte
809 2915 981 2980 subactum

65 3002 128 3068 Per
152 3027 306 3090 magnum
331 3005 449 3070 direxit
471 3007 535 3070 iter
558 3007 605 3070 sic
627 3007 716 3071 vocis
738 3005 851 3069 inane:

65 3091 231 3179 tRomani,
254 3094 410 3160 vincendo
434 3094 494 3178 pii,
518 3094 696 3159 succurrite
719 3093 865 3176 tandem3
1097 3117 1113 3158 r.
1127 3107 1155 3156 ε’

64 3180 151 3246 Nam
175 3182 264 3246 dedit
286 3183 353 3247 ista
374 3184 446 3248 neci
469 3183 624 3248 meretrix
646 3183 680 3247 in
703 3181 847 3247 fascibus
871 3179 931 3244 alti

137 3344 190 3393 208
212 3340 347 3394 ‘conlatu’
417 3345 468 3394 211
490 3339 597 3395 ‘coortis
615 3339 701 3409 equis’
768 3343 820 3392 212
841 3335 966 3393 ‘obnixu'
986 3337 997 3391 i
1014 3334 1079 3390 ino

65 3412 222 3464 correctum
266 3416 318 3464 213
331 3410 522 3481 ‘quicumque’
561 3415 613 3465 217
626 3409 813 3480 ‘adgreditur’
856 3415 909 3464 218
921 3406 1077 3462 ‘extiterat’

64 3481 299 3608 {qper‘gprppppg
322 3482 425 3552 ‘septa’
481 3488 533 3537 231
550 3481 637 3538 ‘teret'
692 3487 744 3537 238
761 3481 806 3536 ‘N
809 3481 818 3507 '
839 3483 988 3550 sequentes
1007 3478 1078 3533 duae
