2354 3946
305 195 379 255 vm.
412 194 563 250 osanna
586 195 634 250 nn
659 194 686 250 s.
704 194 822 252 cnon.
1005 193 1067 260 137

56 357 117 422 Ille
141 361 263 441 autem,
286 379 359 423 cum
382 356 530 424 debuerit
553 379 587 423 se
610 357 761 442 frangere
786 358 874 423 sanis

10 463 38 514 >5
58 445 223 531 Consiliis,
246 483 295 508 -.
313 445 427 511 consul
449 468 526 510 nom
550 447 622 512 sola
644 467 723 512 voce
747 451 880 511 vocatus

56 534 211 605 Vindicat
234 535 353 601 iniuste
376 539 447 604 tam
470 534 549 604 celsi
571 535 713 600 nominis
736 556 857 619 arcem3

57 623 183 709 Quippe
200 626 294 693 tonat
312 623 418 706 flocci,
437 624 524 706 quod
542 645 609 690 uon
624 624 710 689 bona
727 623 816 689 facta
835 626 1015 708 sequuntur
1030 659 1067 669 -

56 712 85 777 Ε
110 717 225 777 eontra
248 712 318 779 sine
340 712 479 779 consilio
502 734 560 777 ceu
583 712 681 784 turbo
704 715 842 796 rotatus,

58 799 146 876 Quae
166 802 253 866 bona
276 804 366 882 sunt,
389 801 526 866 turbans
550 802 639 867 mala
656 801 745 866 tollit
768 801 810 866 ad
828 802 973 888 aetheris
993 801 1070 867 alta.

10 907 38 956 ιο
58 889 160 955 Omne
184 891 282 958 decus
305 890 367 957 tali
392 890 451 955 sub
476 891 607 956 consule
631 889 874 974 praecipitatur.

57 976 196 1045 Constat
219 982 253 1045 et
275 980 326 1042 est
347 979 461 1061 fixum,
485 977 572 1062 quod
595 978 651 1065 qni
672 1000 740 1045 non
760 980 894 1046 tramite
918 978 1000 1044 ocrti
1061 1019 1065 1025 -

58 1066 189 1133 Ordinis
213 1066 347 1149 incedit,
369 1067 468 1135 finem
491 1068 676 1152 experietur
699 1089 853 1136 amaram.

57 1155 163 1241 Disce,
187 1156 294 1240 miser,
316 1155 453 1225 rationis
477 1177 585 1240 opem,
609 1178 673 1241 qun
695 1176 792 1222 nosse
814 1157 959 1242 rigorem

57 1243 204 1310 Naturae
227 1243 344 1329 possis,
368 1265 451 1327 quae
474 1245 556 1310 caeli
579 1267 599 1309 a
622 1246 762 1312 culmine
786 1245 880 1330 lapsa

10 1349 38 1400 15
59 1331 233 1419 Spargitur
256 1333 416 1402 humanos
440 1332 571 1402 domino
595 1335 785 1402 moderante
808 1355 867 1418 per
891 1337 990 1402 artus.

58 1422 157 1487 Cuius
181 1445 216 1489 es
240 1421 362 1487 oblitus
386 1422 471 1489 male
494 1443 553 1487 nec
575 1422 792 1499 reminisceris
817 1422 898 1505 eins3

58 1510 199 1579 Interior
222 1509 346 1596 tegitur
369 1531 464 1576 caeco
489 1510 647 1578 velamine
670 1510 787 1591 visus,

57 1597 153 1664 Unde
175 1599 227 1684 fit,
250 1603 301 1682 ut,
325 1620 407 1682 quae
431 1620 508 1665 vera
531 1601 638 1682 putas,
661 1621 699 1664 ea
722 1597 842 1665 frivola
864 1597 955 1665 fiant.

57 1687 113 1753 Ira
136 1688 201 1767 dei,
225 1687 344 1772 sapias,
366 1709 434 1756 nou
457 1690 490 1756 te
513 1686 670 1754 transibit
690 1687 840 1755 inultum.

10 1794 39 1843 ro
58 1776 105 1841 At
128 1776 262 1847 monitis
285 1775 373 1843 sanis
396 1775 581 1845 incredulus
604 1775 755 1843 omnibus
779 1774 869 1843 addit

58 1865 204 1936 Peccatis
227 1869 370 1950 peccata.
410 1864 513 1933 Furor
536 1865 625 1930 velut
648 1863 769 1948 aspidis
793 1884 905 1931 aurem

59 1952 190 2019 Claudit
212 1953 247 2021 in
269 1953 437 2039 ingenium
460 1952 663 2022 decantantis
688 1953 862 2037 sapienter,

58 2042 156 2114 Haud
179 2064 271 2111 secus
293 2042 356 2121 hic,
379 2042 516 2125 adytum
539 2041 645 2111 cordis
668 2063 709 2109 ne
731 2040 855 2108 sentiat
877 2061 1020 2125 unquam
1096 2109 1097 2112 ,

59 2130 154 2201 Dona
177 2131 243 2214 dei,
266 2132 451 2215 prorumpit
473 2130 553 2198 item
576 2131 663 2199 mala
686 2152 785 2199 sanus
808 2129 938 2195 inanem

10 2236 40 2286 25
60 2218 124 2285 Ore
149 2241 264 2284 sonum
288 2218 453 2284 effundens
476 2218 713 2288 huiuscemodi:
737 2218 819 2287 ‘Tur
841 2239 987 2304 quaeque

60 2308 200 2373 Obsceni
222 2307 355 2377 iuvenes
379 2309 446 2373 ism
470 2308 613 2393 gaudent
636 2330 671 2377 se
694 2308 850 2394 rapuisse,

60 2395 149 2481 Quis,
172 2397 249 2480 quia
270 2400 304 2463 te
327 2396 467 2478 violant,
490 2397 691 2482 patrimonia
714 2402 829 2463 cuncta
852 2395 978 2463 dedisti.

59 2484 198 2569 Propter
221 2485 308 2569 qnod
331 2485 415 2553 sicut
438 2485 593 2554 meretrix
615 2486 745 2571 impura
768 2483 917 2570 profanis.

60 2572 137 2638 Non
160 2595 273 2639 sensus
296 2572 438 2640 hominis
462 2578 559 2641 sonat
580 2573 615 2639 in
638 2578 671 2638 te
695 2573 751 2639 sed
775 2574 864 2642 oanis
887 2595 1007 2659 urgens

10 2679 41 2729 ro
59 2660 196 2727 Latratu
220 2684 317 2731 saevo
340 2662 485 2731 insontes
509 2665 543 2727 et
566 2662 661 2730 dente
684 2660 832 2745 procaci?

61 2749 166 2815 ‘Talia
189 2752 246 2834 qui
268 2749 434 2834 loqueris?
458 2751 626 2834 respondit
647 2749 740 2832 virgo
765 2751 875 2834 beata,
982 2803 987 2816 .

61 2837 143 2903 ‘Iam
166 2843 238 2903 tuto
263 2861 335 2906 mea
358 2839 513 2905 constitui
535 2838 733 2922 patrimonia
756 2838 854 2907 vallo.

62 2925 125 2992 Sed
147 2931 291 2997 mentem
314 2949 494 3012 corpusque
517 2949 626 2994 meum
649 2926 765 2995 vitiare
788 2927 935 2994 volentes

60 3014 236 3100 Nunquam
261 3017 401 3100 suscepi,
424 3016 481 3080 sed
504 3021 537 3080 et
560 3015 672 3081 horret
694 3037 786 3081 mens
809 3036 881 3080 mea
904 3013 1003 3079 talis?

10 3122 41 3172 33
60 3103 311 3189 Insequiturque
333 3124 454 3189 rogans
478 3107 625 3170 actutum
647 3105 797 3189 pandere,
820 3103 876 3188 qui
899 3103 979 3184 sint,

60 3231 274 3245 ..pq-m—

133 3285 185 3337 333
205 3276 367 3333 ‘Vendioat’
426 3283 477 3335 309
500 3277 628 3336 ‘etheris’
685 3283 737 3335 310
758 3276 965 3348 ‘precipitatur'
1020 3279 1073 3335 338

62 3349 140 3418 ‘qne'
215 3355 267 3403 323
293 3348 392 3405 ‘Haut’
424 3350 573 3406 ‘additum’
605 3349 760 3419 ‘umquam'
834 3353 886 3406 329
912 3347 1014 3429 ‘oanis'
1043 3347 1075 3403 in

60 3420 188 3489 margine
205 3420 334 3483 additum
384 3425 436 3474 330
453 3420 543 3476 ‘seno'
590 3427 642 3478 331
655 3420 726 3490 ‘qni'
742 3420 860 3476 fortasse
876 3418 967 3488 ‘paca'
987 3417 1065 3474 mter

60 3491 212 3617 pppctionp
227 3493 336 3616 prutpta
350 3489 530 3548 scribendum
581 3497 634 3551 333
649 3490 776 3548 ‘uiciare'
824 3494 876 3545 334
889 3488 1052 3560 ‘Numquae

145 3578 179 3617 ac
208 3579 226 3615 a
240 3578 285 3616 um
