2354 3946
117 173 177 236 170
347 166 486 223 VIRGlLl
488 169 500 222 l
517 167 662 222 MARONI
663 168 681 224 S
699 166 908 224 EPISTOLAE.

113 323 245 420 propria
273 321 385 408 lingua
412 342 487 419 sepe
514 321 732 406 praeponitur
769 343 788 385 a
816 320 910 386 nobis
932 324 1041 386 autem
1065 344 1135 405 pro-

113 407 240 472 nomini
262 406 410 470 demonst
396 408 517 470 tratiuo
532 405 585 470 uel
600 406 789 483 reuelatiuo,
814 426 896 489 quae
911 407 1136 504 monosyllaba

113 495 203 570 sunt,
226 492 421 556 subiunctim
444 490 584 588 adplicat
584 512 622 554 ur
643 512 701 590 per
722 490 863 573 syllabae
886 490 974 555 illins
998 496 1135 574 utputo

114 577 343 657 adiectionem,
378 581 415 639 ut
448 576 476 638 si
504 575 589 640 dicas
616 575 700 641 broce
724 577 833 640 baccae
859 575 990 640 bocco
976 594 1038 640 asoa
1064 596 1136 642 ecoe

88 663 189 731 sidae.
216 661 271 725 sed
286 664 318 725 et
305 660 481 724 tomuibus
496 659 721 744 pronominum
737 659 881 758 cassibus
896 660 1134 743 praedictorum

114 746 265 829 subiungi
287 749 404 828 potest
441 745 496 809 sed
519 745 603 810 forte
626 745 728 827 dicas,
755 743 831 828 quia
853 764 1034 827 pronomen
1055 745 1135 808 rela-

112 831 217 894 tiuum
240 831 368 913 generis
391 829 540 893 feminini
561 850 599 894 ea
613 850 680 893 non
694 793 789 893 uirius
804 827 965 912 syllabae,
988 829 1045 893 sed
1061 830 1135 893 dua-

113 937 186 979 rum
209 922 275 997 est3
297 935 408 977 uerum
431 913 631 998 estquidam
653 913 740 997 quod
762 913 825 977 duo
846 912 991 996 syllabae
1006 914 1074 978 siut
1087 935 1135 995 eo,

115 999 169 1063 sed
192 1002 271 1063 tunc
292 999 326 1062 id
347 999 418 1078 fiat,
447 998 575 1082 quando
603 998 811 1062 nouissimam
834 1018 1017 1062 consonans
1041 1018 1134 1081 quae·

76 1112 101 1151 ιι
116 1084 195 1147 libet
217 1087 445 1166 consequetur,
469 1085 506 1146 ut
528 1102 613 1166 com,
635 1102 703 1161 cos,
727 1102 776 1148 eos
803 1085 836 1146 et
863 1084 987 1160 cetera,
1010 1085 1049 1146 ut
1071 1105 1135 1147 una

112 1168 211 1248 longa
232 1166 271 1229 lit
257 1170 327 1230 tera
350 1169 462 1230 contra
483 1165 560 1230 duas
581 1132 703 1231 bieues
720 1167 975 1250 conponderata,
997 1170 1134 1250 utraque

112 1250 268 1334 syllabam
289 1250 402 1330 faciat3
426 1271 503 1314 nam
526 1251 607 1315 duae
629 1251 715 1316 solae
738 1251 896 1316 uocales
886 1272 923 1314 ιιι
944 1271 1048 1315 unam
1070 1251 1133 1334 syl-

111 1336 218 1399 labam
244 1335 348 1419 redigi
377 1339 529 1418 possunt:
561 1335 644 1401 unde
671 1337 746 1420 quia
772 1357 811 1402 ea
837 1355 904 1400 una
925 1335 1053 1418 syllaba
1074 1341 1133 1417 est,

113 1420 268 1484 adicimus
290 1441 427 1485 canon
448 1441 579 1484 necesse
601 1419 710 1488 fuerit.
747 1421 874 1486 (tuero
904 1419 986 1484 duae
1009 1420 1077 1484 sint
1098 1420 1132 1483 li·

74 1532 99 1573 ιι
112 1508 200 1569 terae
222 1526 238 1570 e
259 1507 340 1586 att,
364 1505 450 1569 sed
441 1526 477 1568 ιιι
500 1505 706 1588 copulatione
721 1525 786 1570 uno
801 1505 875 1569 stilo
891 1510 1088 1569 caraxantur
1102 1509 1134 1569 et

113 1591 172 1654 sub
195 1611 259 1654 una
281 1553 407 1654 dictura
423 1589 582 1654 dicuntur.
612 1591 691 1654 sed
681 1611 717 1654 ιιι
731 1590 829 1655 uerbo
845 1589 960 1654 tertiae
975 1610 1133 1672 personae

112 1675 234 1752 nond,
253 1676 351 1740 sedet
365 1675 463 1739 scribi
479 1674 586 1756 debet,
559 1677 645 1738 tut
659 1679 751 1739 aocet
763 1675 867 1740 calcet
901 1678 1013 1738 errant
1035 1675 1133 1739 etiarn

113 1760 169 1843 qui
196 1761 231 1824 in
260 1759 444 1842 copulatius
470 1780 507 1824 oc
529 1759 735 1842 aspiratiuam
757 1759 779 1824 b
800 1759 962 1840 scribunt,
992 1779 1077 1842 quae
1098 1760 1133 1822 in

113 1845 182 1908 solo
211 1844 359 1908 habenda
384 1846 573 1927 pronomine
595 1846 660 1920 est,
690 1843 777 1927 quod
805 1865 863 1926 per
890 1863 1003 1906 omnes
1026 1864 1134 1907 cassus

74 1956 99 1994 so
112 1928 196 1992 hanc
219 1929 354 1993 eandem
374 1933 532 2012 receptat,
554 1932 591 1993 ιιι
612 1928 688 1994 baec
709 1929 804 1993 baias
821 1928 895 1992 baio
908 1926 993 1993 barac
1008 1928 1049 1993 ab
1065 1928 1133 1993 buc.

113 2013 279 2077 sciendum
308 2034 386 2076 sane
414 2018 477 2092 est,
504 1979 626 2097 qiiod
616 2035 650 2076 ιιι
680 2011 962 2076 coniunctionibus
989 2016 1133 2095 potestas

113 2118 187 2180 sepe
215 2119 268 2162 mo
270 2100 371 2178 tetur,
404 2119 463 2180 pro
497 2098 652 2181 qualitate
680 2097 912 2163 sententiarum
941 2117 978 2160 ac
1006 2097 1133 2161 ratione

112 2202 274 2244 sensuum
315 2202 390 2244 nam
423 2185 539 2246 astet
566 2186 704 2279 atsepe
734 2203 800 2246 non
828 2180 1032 2264 copulatiuae
1060 2201 1134 2245 con·

112 2265 188 2328 iuuc
190 2265 295 2328 tiones
318 2265 372 2328 sed
395 2265 591 2347 expletiuae,
614 2266 683 2330 siue
704 2270 742 2331 ut
763 2265 875 2330 melius
896 2263 1048 2344 dicimus,
1072 2265 1132 2330 dis·

74 2372 98 2413 ιι
113 2349 252 2412 cretiuae
275 2348 439 2411 dicuntur:
463 2370 531 2412 non
552 2352 619 2413 tam
635 2351 721 2414 enim
736 2349 914 2415 sententias
931 2314 1133 2436 coniurigunt

112 2454 208 2517 quam
230 2432 428 2497 discernunt.
461 2432 571 2497 nescio
594 2434 680 2499 enim
703 2435 859 2519 quomodo
881 2435 1058 2518 expletiuas
1079 2455 1133 2498 uo-

112 2539 236 2598 cemus,
267 2538 348 2600 quae
376 2520 409 2580 et
437 2539 549 2581 sensus
576 2524 610 2583 et
631 2540 784 2602 personas
806 2539 859 2583 mo
861 2523 934 2583 tant
956 2539 995 2584 ac
1018 2518 1132 2584 discre-

111 2622 188 2685 pare
211 2601 343 2665 faciunt.
372 2605 449 2666 sunt
463 2606 519 2666 aut
520 2624 571 2667 em
586 2602 646 2667 bac
661 2603 909 2668 coniunctiones
925 2603 1131 2669 discretiuae:

112 2691 147 2751 αι
168 2691 219 2752 ast
238 2706 316 2751 scae
337 2707 411 2752 aero
428 2707 527 2769 porro
550 2693 655 2753 ouban
670 2693 810 2755 aarum
844 2690 920 2752 sunt
936 2689 1036 2753 etiam
1051 2688 1132 2753 aliae

73 2793 99 2833 ιι
113 2770 369 2849 coniunctiones,
398 2793 480 2855 quae
503 2773 655 2855 copulant
675 2774 815 2837 sentent
791 2777 867 2848 itas,
892 2792 1037 2856 quaeque
1058 2773 1133 2838 licet

112 2877 171 2940 pro
200 2855 378 2953 causalibus
400 2855 453 2920 uel
474 2857 687 2921 rationalibus
709 2857 813 2940 accipi
834 2821 945 2921 dicant
930 2859 1001 2943 utr,
1031 2858 1059 2923 ai
1082 2878 1132 2922 ue·

111 2942 191 3006 ritas
206 2940 346 3005 nominis
360 2940 450 3005 iuxta
466 2942 653 3024 qualitatem
667 2962 779 3006 sensus
793 2942 991 3026 inquiratur,
991 2908 1133 3008 rectius

114 3026 269 3110 conplect
263 3047 333 3090 mae
355 3025 509 3090 dicendae
531 3029 615 3091 sunt.
652 3048 733 3111 quac
756 3030 832 3091 sunt
854 3029 962 3090 autem
985 3027 1132 3112 conplec-

183 3235 195 3281 l
214 3228 341 3297 puomim
332 3228 398 3297 ἸΝ
394 3231 404 3298 11
416 3235 432 3282 2
444 3228 716 3297 momouassyllabae
728 3230 762 3285 N
771 3232 781 3298 11
794 3237 867 3286 3
822 3247 839 3285 a
839 3229 993 3377 mssiiycmr
1005 3227 1040 3282 N
1048 3231 1059 3300 1
1063 3230 1131 3308 per]

112 3296 177 3361 pN
186 3248 361 3363 libeasusN
370 3299 379 3364 11
394 3303 426 3352 10
437 3312 520 3351 conse
540 3296 688 3351 uenturN
696 3300 706 3367 1
720 3305 752 3353 13
765 3298 857 3354 cael
933 3303 964 3350 14
976 3296 1133 3351 addrcrmus

88 3363 146 3437 ⁴N
155 3365 165 3431 11
177 3365 243 3433 non]
262 3380 318 3417 non
336 3381 402 3419 vero
419 3364 499 3429 Μαι,
516 3315 580 3430 doct
597 3369 668 3419 recte
680 3368 690 3434 11
701 3300 789 3421 fuerit
777 3369 884 3420 ttute
902 3365 972 3420 coni.
991 3364 1083 3433 Μαι1
1103 3370 1133 3419 17

112 3463 136 3516 ιι
153 3463 202 3516 sed
221 3464 294 3517 &-
314 3466 432 3519 lauac&
449 3464 534 3519 sule&
552 3464 587 3519 N
605 3466 615 3532 11
628 3480 659 3519 er
659 3446 721 3519 ant
736 3464 775 3517 N.
