2422 3976
85 207 131 271 34
405 205 452 263 lII.
478 205 565 262 VITA
585 204 611 260 S.
630 203 778 261 ERASMI.

85 371 184 435 Diras
206 392 274 435 non
297 372 405 434 metuo
428 390 552 452 poenas
575 368 622 432 nil
645 370 746 453 teque·
766 389 904 452 pavesco

84 459 176 544 Erga
198 460 369 541 minasque
391 459 465 521 tuas
488 457 585 521 modo
608 456 774 522 ludificare
797 454 937 521 valebo?

87 547 128 613 Se
152 570 245 613 cruce
267 546 461 632 persignans
483 545 628 610 tunicam
650 545 782 610 vestivit
804 566 952 609 amarum

85 636 220 701 Davidis
242 636 382 700 reboans
405 655 536 699 carmen
559 656 633 700 oum
655 655 734 699 voce
756 632 950 718 prophetae:

10 724 161 791 42οῬοι
184 725 324 808 laticem,
348 723 487 806 domine,
510 726 543 788 et
566 743 663 807 saepe
686 722 896 787 transivimus
919 723 1047 808 ignem3

86 813 176 878 Haeo
198 835 256 897 per
280 813 399 878 duxisti
420 833 481 875 nos
505 814 602 895 atque
625 809 833 896 refrigerium
857 811 923 876 das.

85 900 125 966 In
148 906 181 966 te
204 901 379 982 eredentes,
402 897 541 981 Christe,
563 899 599 963 in
620 898 751 964 fornace
774 920 942 986 repurgas‚
1124 916 1183 966 rao*

85 989 133 1055 Ut
155 1011 296 1076 purgare
320 989 426 1053 solent
448 987 542 1071 ignes
566 1010 682 1052 aurum
705 991 802 1072 atque
825 985 1020 1073 argentum?

86 1078 176 1143 Tunc
198 1078 303 1163 ignita
327 1076 458 1160 quidem
481 1077 592 1141 tunica
615 1077 653 1140 fit
674 1075 797 1161 frigida
819 1098 878 1142 eeu
899 1075 972 1162 nix;

11 1183 66 1232 420
84 1166 241 1251 Illiusque
264 1165 346 1230 eutis
368 1186 446 1228 nam
469 1168 541 1230 tota
562 1165 685 1229 inlaesa
708 1164 870 1229 manebat.

86 1254 225 1320 Sanetus
249 1254 308 1319 ait:
334 1250 509 1318 ‘Confusus
533 1253 596 1318 eris
619 1257 670 1336 tu,
692 1275 748 1318 rex
770 1252 957 1336 furibunde3

84 1343 176 1428 Ignis
200 1342 375 1407 Tartareus
399 1364 529 1407 saevum
553 1346 587 1406 te
610 1345 721 1426 captat
744 1343 780 1406 in
803 1363 917 1406 aevum

84 1432 129 1496 Et
152 1453 273 1517 poenas
296 1431 420 1516 patiere
444 1434 502 1495 tua
524 1453 597 1496 oum
620 1433 710 1495 veste
731 1452 900 1514 perennas.

85 1520 235 1586 Christus
260 1520 352 1585 adest
374 1518 455 1584 mihi
476 1519 631 1583 virtutem
654 1518 801 1583 tribuens
824 1517 986 1602 resipisai3

13 1626 67 1677 430
87 1608 293 1693 Quapropter
314 1630 380 1673 non
404 1610 437 1673 te
460 1607 560 1672 timeo
583 1629 813 1692 nunquamque
836 1604 1009 1671 tremisco?

86 1698 177 1763 Tune
199 1697 293 1783 plebs
317 1698 504 1763 credentum
528 1696 693 1761 clamabat
716 1694 986 1761 Christicolarum

84 1785 190 1850 Valde
212 1807 430 1872 magnumque
453 1785 548 1850 deum
571 1783 676 1849 saneti
699 1784 811 1849 dieunt
832 1782 903 1849 fore
925 1782 1067 1850 Erasmi.

85 1875 137 1939 Ad
159 1875 316 1959 populum
340 1873 459 1939 Caesar
483 1873 645 1958 depromit
666 1872 747 1936 talia
769 1872 890 1937 dicens:

85 1962 198 2028 ‘Facta
220 1963 350 2046 quidem
374 1965 449 2027 sunt
471 1962 553 2027 haee
575 1981 695 2046 magna
718 1964 788 2026 arte
812 1959 1061 2045 maleficiorum,

12 2067 66 2117 430
84 2052 220 2138 Ignibus
244 2055 277 2116 et
300 2053 414 2135 poenis
438 2051 510 2134 quis
533 2050 586 2114 hio
609 2070 726 2134 magus
749 2051 889 2134 imperat
911 2048 1004 2113 istis?
1119 2072 1135 2113 f.
1148 2065 1184 2115 ω’

84 2140 145 2204 Vir
168 2144 299 2205 sanetus
323 2141 438 2203 contra
460 2140 539 2203 haee
561 2139 633 2221 regi
656 2138 823 2222 respondit
846 2141 880 2202 et
902 2137 1022 2221 inquit:

85 2228 197 2293 ‘Filius
222 2251 299 2314 ergo
323 2227 375 2292 dei
397 2225 477 2291 fauit
498 2226 586 2307 haec,
609 2247 692 2308 quae
716 2226 812 2310 signa
834 2225 959 2290 videtis.

83 2316 146 2382 Hio
169 2322 302 2400 superat
325 2315 402 2380 deos
426 2334 547 2398 magna
569 2314 690 2379 virtute
713 2315 887 2400 malignos,

85 2405 148 2480 Qui
169 2406 304 2490 lapides,
327 2404 428 2491 ligna,
451 2424 526 2467 aera
548 2402 632 2466 fiunt
654 2406 688 2467 et
711 2403 809 2468 surda
831 2403 977 2486 metalla3

12 2509 65 2560 440
84 2494 169 2559 Nam
193 2495 342 2559 dominus
365 2494 478 2557 noster
501 2489 651 2556 Christus
674 2492 713 2555 fit
735 2492 828 2557 vivus
851 2492 886 2555 in
909 2513 1024 2556 aevum

84 2581 295 2666 Virtutesque
319 2602 396 2645 suae
419 2583 534 2644 cuneta
558 2602 710 2663 superare
733 2578 908 2645 valebunt?

84 2671 300 2736 Maximianus
325 2669 411 2733 enim
434 2667 566 2732 inflatus
590 2668 800 2753 tumidusque
823 2669 986 2753 profatur:

84 2757 194 2824 ‘Ultra
216 2762 290 2822 tuos
314 2778 478 2822 sermones
501 2778 567 2821 non
589 2761 721 2840 portare
745 2757 882 2824 valebo?
1057 2763 1060 2772 '

86 2845 161 2911 ‘Ast
184 2844 265 2930 ego‚'
292 2849 424 2911 sanutus
448 2845 504 2929 ait,
527 2844 649 2928 ‘miron
673 2846 758 2930 quod
781 2868 847 2911 non
871 2845 1032 2910 erubescis

10 2934 261 3020 4451psiusmet
284 2934 322 2998 de
345 2934 452 2999 esusis
475 2939 509 2999 te
530 2933 644 2999 fallere
667 2933 801 2999 multis?

83 3221 135 3268 416
155 3213 266 3283 ‘penas'
321 3221 374 3270 420
394 3215 482 3284 ‘sepe'
538 3221 590 3270 421
612 3213 670 3270 ‘laec
684 3213 854 3284 perduxisti'
876 3230 912 3267 an
931 3213 1007 3268 ‘hac'
1029 3214 1097 3269 sori·

82 3283 205 3339 bendum
225 3283 352 3341 videtur?
419 3290 472 3341 423
492 3285 605 3341 ‘inlesa'
670 3291 722 3340 426
744 3284 820 3340 ‘erit’
840 3286 854 3338 t
871 3286 1059 3354 superscripto
1080 3303 1093 3339 s

82 3355 262 3412 amendatum
315 3364 368 3414 427
384 3357 505 3413 ‘senum'
527 3355 651 3413 ‘svvum'
706 3361 760 3410 428
776 3356 875 3425 ‘penes
894 3356 1013 3425 patiare'
1030 3373 1047 3410 a
1065 3356 1097 3411 in

82 3430 273 3483 ecorreotum
336 3435 389 3484 430
410 3427 641 3499 ‘numquamque'
701 3432 756 3482 433
776 3427 878 3481 ‘cesar’
943 3433 996 3482 434
1016 3426 1096 3483 ‘heo'

81 3503 134 3553 435
156 3497 256 3569 ‘penis'
326 3505 379 3556 436
400 3500 474 3554 ‘heo'
543 3504 595 3553 432
617 3497 682 3553 ‘heo
699 3498 766 3567 que'
831 3503 884 3552 439
905 3497 975 3553 ‘era'
1041 3503 1096 3554 440

83 3569 174 3626 ‘vuvs'
196 3570 207 3623 i
226 3587 362 3641 supersor.
387 3570 493 3626 ‘sunm'
553 3573 606 3624 441
628 3569 700 3623 ‘sue'
760 3573 813 3624 442
835 3568 1020 3639 ‘timidusque’
