<?xml version="1.0" encoding="UTF-8"?>
<!DOCTYPE html PUBLIC "-//W3C//DTD XHTML 1.0 Transitional//EN"
    "http://www.w3.org/TR/xhtml1/DTD/xhtml1-transitional.dtd">
<html xmlns="http://www.w3.org/1999/xhtml" xml:lang="en" lang="en">
 <head>
  <title>
</title>
<meta http-equiv="Content-Type" content="text/html;charset=utf-8" />
  <meta name='ocr-system' content='tesseract 3.04.00' />
  <meta name='ocr-capabilities' content='ocr_page ocr_carea ocr_par ocr_line ocrx_word'/>
</head>
<body>
  <div class='ocr_page' id='page_1' title='image "./grammaticiopera00virggoog_0265.png"; bbox 0 0 2354 3946; ppageno 0'>
   <div class='ocr_carea' id='block_1_1' title="bbox 115 151 809 220">
    <p class='ocr_par' dir='ltr' id='par_1_1' title="bbox 115 151 809 220">
     <span class='ocr_line' id='line_1_1' title="bbox 115 151 809 220; baseline -0.016 -2"><span class='ocrx_word' id='word_1_1' title='bbox 115 154 159 220; x_wconf 76' lang='grc'>32</span> <span class='ocrx_word' id='word_1_2' title='bbox 431 153 480 212; x_wconf 90' lang='grc'>111.</span> <span class='ocrx_word' id='word_1_3' title='bbox 509 153 596 209; x_wconf 76' lang='lat' dir='ltr'>vna</span> <span class='ocrx_word' id='word_1_4' title='bbox 615 153 642 208; x_wconf 84' lang='lat' dir='ltr'>S.</span> <span class='ocrx_word' id='word_1_5' title='bbox 660 151 809 208; x_wconf 77' lang='lat' dir='ltr'><strong>ERASMI.</strong></span> 
     </span>
    </p>
   </div>
   <div class='ocr_carea' id='block_1_2' title="bbox 41 316 1167 2971">
    <p class='ocr_par' dir='ltr' id='par_1_2' title="bbox 115 316 1067 403">
     <span class='ocr_line' id='line_1_2' title="bbox 115 316 1067 403; baseline 0.003 -21"><span class='ocrx_word' id='word_1_6' title='bbox 115 318 183 383; x_wconf 81' lang='lat' dir='ltr'>Itex</span> <span class='ocrx_word' id='word_1_7' title='bbox 208 316 356 383; x_wconf 75' lang='lat' dir='ltr'><strong>dextram</strong></span> <span class='ocrx_word' id='word_1_8' title='bbox 379 317 485 383; x_wconf 86' lang='lat' dir='ltr'>tenuit</span> <span class='ocrx_word' id='word_1_9' title='bbox 508 339 616 383; x_wconf 84' lang='lat' dir='ltr'>secum</span> <span class='ocrx_word' id='word_1_10' title='bbox 639 320 673 381; x_wconf 89' lang='lat' dir='ltr'>et</span> <span class='ocrx_word' id='word_1_11' title='bbox 695 337 772 382; x_wconf 90' lang='lat' dir='ltr'>mox</span> <span class='ocrx_word' id='word_1_12' title='bbox 793 338 936 403; x_wconf 84' lang='lat' dir='ltr'>pergere</span> <span class='ocrx_word' id='word_1_13' title='bbox 960 317 1067 385; x_wconf 87' lang='lat' dir='ltr'>iussit</span> 
     </span>
    </p>

    <p class='ocr_par' dir='ltr' id='par_1_3' title="bbox 41 406 1167 847">
     <span class='ocr_line' id='line_1_3' title="bbox 41 406 1113 495; baseline 0.001 -21"><span class='ocrx_word' id='word_1_14' title='bbox 41 406 270 495; x_wconf 76' lang='grc' dir='ltr'>Ι366113Ιο316</span> <span class='ocrx_word' id='word_1_15' title='bbox 293 407 347 472; x_wconf 90' lang='lat' dir='ltr'>hic</span> <span class='ocrx_word' id='word_1_16' title='bbox 370 410 512 472; x_wconf 86' lang='lat' dir='ltr'>statuam</span> <span class='ocrx_word' id='word_1_17' title='bbox 535 408 699 470; x_wconf 88' lang='lat' dir='ltr'>monstrat</span> <span class='ocrx_word' id='word_1_18' title='bbox 720 427 909 491; x_wconf 90' lang='lat' dir='ltr'>numenque</span> <span class='ocrx_word' id='word_1_19' title='bbox 934 407 1113 494; x_wconf 88' lang='lat' dir='ltr'>deumque.</span> 
     </span>
     <span class='ocr_line' id='line_1_4' title="bbox 115 493 1167 580; baseline -0.003 -20"><span class='ocrx_word' id='word_1_20' title='bbox 115 495 179 561; x_wconf 89' lang='lat' dir='ltr'>Illa</span> <span class='ocrx_word' id='word_1_21' title='bbox 200 495 264 560; x_wconf 86' lang='lat' dir='ltr'>fuit</span> <span class='ocrx_word' id='word_1_22' title='bbox 287 499 373 561; x_wconf 88' lang='lat' dir='ltr'>certe</span> <span class='ocrx_word' id='word_1_23' title='bbox 396 494 582 560; x_wconf 87' lang='lat' dir='ltr'>cubitorum</span> <span class='ocrx_word' id='word_1_24' title='bbox 605 515 661 558; x_wconf 85' lang='lat' dir='ltr'>sex</span> <span class='ocrx_word' id='word_1_25' title='bbox 683 493 735 559; x_wconf 88' lang='lat' dir='ltr'>bis</span> <span class='ocrx_word' id='word_1_26' title='bbox 758 494 795 558; x_wconf 90' lang='lat' dir='ltr'>in</span> <span class='ocrx_word' id='word_1_27' title='bbox 817 495 898 580; x_wconf 83' lang='lat' dir='ltr'>alto,</span> <span class='ocrx_word' id='word_1_28' title='bbox 1156 517 1167 557; x_wconf 76' lang='lat' dir='ltr'>a</span> 
     </span>
     <span class='ocr_line' id='line_1_5' title="bbox 117 582 1081 670; baseline 0.002 -21"><span class='ocrx_word' id='word_1_29' title='bbox 117 583 261 669; x_wconf 81' lang='lat' dir='ltr'>Cumque</span> <span class='ocrx_word' id='word_1_30' title='bbox 285 585 336 648; x_wconf 91' lang='lat' dir='ltr'>dei</span> <span class='ocrx_word' id='word_1_31' title='bbox 358 583 519 649; x_wconf 87' lang='lat' dir='ltr'>famulum</span> <span class='ocrx_word' id='word_1_32' title='bbox 542 583 679 648; x_wconf 89' lang='lat' dir='ltr'>daemon</span> <span class='ocrx_word' id='word_1_33' title='bbox 703 583 872 667; x_wconf 70' lang='lat' dir='ltr'>conspexit</span> <span class='ocrx_word' id='word_1_34' title='bbox 895 582 933 648; x_wconf 90' lang='lat' dir='ltr'>in</span> <span class='ocrx_word' id='word_1_35' title='bbox 956 583 1081 670; x_wconf 86' lang='lat' dir='ltr'>istum,</span> 
     </span>
     <span class='ocr_line' id='line_1_6' title="bbox 117 670 948 757; baseline 0 -20"><span class='ocrx_word' id='word_1_36' title='bbox 117 672 189 747; x_wconf 75' lang='lat' dir='ltr'>Qua</span> <span class='ocrx_word' id='word_1_37' title='bbox 211 672 310 738; x_wconf 85' lang='lat' dir='ltr'>latuit</span> <span class='ocrx_word' id='word_1_38' title='bbox 333 676 452 757; x_wconf 87' lang='lat' dir='ltr'>statua,</span> <span class='ocrx_word' id='word_1_39' title='bbox 476 672 585 737; x_wconf 89' lang='lat' dir='ltr'>subito</span> <span class='ocrx_word' id='word_1_40' title='bbox 607 677 686 736; x_wconf 87' lang='lat' dir='ltr'>tunc</span> <span class='ocrx_word' id='word_1_41' title='bbox 708 671 795 757; x_wconf 84' lang='lat' dir='ltr'>fugit</span> <span class='ocrx_word' id='word_1_42' title='bbox 818 672 860 736; x_wconf 85' lang='lat' dir='ltr'>ab</span> <span class='ocrx_word' id='word_1_43' title='bbox 882 670 948 737; x_wconf 90' lang='lat' dir='ltr'>illa</span> 
     </span>
     <span class='ocr_line' id='line_1_7' title="bbox 117 759 1037 847; baseline 0.001 -22"><span class='ocrx_word' id='word_1_44' title='bbox 117 761 163 826; x_wconf 83' lang='lat' dir='ltr'>Et</span> <span class='ocrx_word' id='word_1_45' title='bbox 185 761 301 827; x_wconf 87' lang='lat' dir='ltr'>cecidit</span> <span class='ocrx_word' id='word_1_46' title='bbox 325 763 436 826; x_wconf 84' lang='lat' dir='ltr'>statim</span> <span class='ocrx_word' id='word_1_47' title='bbox 459 763 558 844; x_wconf 90' lang='lat' dir='ltr'>inque</span> <span class='ocrx_word' id='word_1_48' title='bbox 581 760 668 826; x_wconf 85' lang='lat' dir='ltr'>leves</span> <span class='ocrx_word' id='word_1_49' title='bbox 692 762 742 824; x_wconf 89' lang='lat' dir='ltr'>est</span> <span class='ocrx_word' id='word_1_50' title='bbox 764 781 858 825; x_wconf 85' lang='lat' dir='ltr'>versa</span> <span class='ocrx_word' id='word_1_51' title='bbox 880 759 1037 847; x_wconf 81' lang='lat' dir='ltr'>favillas3</span> 
     </span>
    </p>

    <p class='ocr_par' dir='ltr' id='par_1_4' title="bbox 47 849 1065 1286">
     <span class='ocr_line' id='line_1_8' title="bbox 47 849 1045 936; baseline 0 -20"><span class='ocrx_word' id='word_1_52' title='bbox 47 868 100 917; x_wconf 98' lang='grc'>360</span> <span class='ocrx_word' id='word_1_53' title='bbox 117 851 257 936; x_wconf 81' lang='lat' dir='ltr'>Magnus</span> <span class='ocrx_word' id='word_1_54' title='bbox 280 851 400 935; x_wconf 91' lang='lat' dir='ltr'>quippe</span> <span class='ocrx_word' id='word_1_55' title='bbox 424 850 521 915; x_wconf 90' lang='lat' dir='ltr'>draeo</span> <span class='ocrx_word' id='word_1_56' title='bbox 545 851 674 914; x_wconf 84' lang='lat' dir='ltr'>statuae</span> <span class='ocrx_word' id='word_1_57' title='bbox 696 849 839 934; x_wconf 88' lang='lat' dir='ltr'>perrexit</span> <span class='ocrx_word' id='word_1_58' title='bbox 863 849 905 913; x_wconf 91' lang='lat' dir='ltr'>ab</span> <span class='ocrx_word' id='word_1_59' title='bbox 931 853 1045 936; x_wconf 88' lang='lat' dir='ltr'>antro,</span> 
     </span>
     <span class='ocr_line' id='line_1_9' title="bbox 118 936 952 1023; baseline 0 -21"><span class='ocrx_word' id='word_1_60' title='bbox 118 938 301 1004; x_wconf 84' lang='lat' dir='ltr'>Prostravit</span> <span class='ocrx_word' id='word_1_61' title='bbox 324 959 478 1023; x_wconf 83' lang='lat' dir='ltr'>magnam</span> <span class='ocrx_word' id='word_1_62' title='bbox 501 938 568 1003; x_wconf 90' lang='lat' dir='ltr'>leto</span> <span class='ocrx_word' id='word_1_63' title='bbox 592 940 721 1021; x_wconf 90' lang='lat' dir='ltr'>partem</span> <span class='ocrx_word' id='word_1_64' title='bbox 743 936 952 1022; x_wconf 89' lang='lat' dir='ltr'>populorum.</span> 
     </span>
     <span class='ocr_line' id='line_1_10' title="bbox 119 1025 1062 1110; baseline 0.002 -19"><span class='ocrx_word' id='word_1_65' title='bbox 119 1028 208 1092; x_wconf 88' lang='lat' dir='ltr'>Haeo</span> <span class='ocrx_word' id='word_1_66' title='bbox 231 1048 365 1091; x_wconf 92' lang='lat' dir='ltr'>cernens</span> <span class='ocrx_word' id='word_1_67' title='bbox 390 1025 510 1092; x_wconf 89' lang='lat' dir='ltr'>Caesar</span> <span class='ocrx_word' id='word_1_68' title='bbox 533 1047 670 1110; x_wconf 88' lang='lat' dir='ltr'>propere</span> <span class='ocrx_word' id='word_1_69' title='bbox 693 1027 854 1110; x_wconf 78' lang='lat' dir='ltr'>percurrit</span> <span class='ocrx_word' id='word_1_70' title='bbox 877 1025 918 1090; x_wconf 89' lang='lat' dir='ltr'>ad</span> <span class='ocrx_word' id='word_1_71' title='bbox 943 1027 1062 1093; x_wconf 87' lang='lat' dir='ltr'>aulam</span> 
     </span>
     <span class='ocr_line' id='line_1_11' title="bbox 119 1113 1065 1199; baseline 0.005 -21"><span class='ocrx_word' id='word_1_72' title='bbox 119 1119 227 1199; x_wconf 84' lang='lat' dir='ltr'>Atque</span> <span class='ocrx_word' id='word_1_73' title='bbox 250 1118 390 1178; x_wconf 87' lang='lat' dir='ltr'>tremens</span> <span class='ocrx_word' id='word_1_74' title='bbox 414 1114 475 1178; x_wconf 90' lang='lat' dir='ltr'>hac</span> <span class='ocrx_word' id='word_1_75' title='bbox 499 1113 717 1197; x_wconf 86' lang='lat' dir='ltr'>confususque</span> <span class='ocrx_word' id='word_1_76' title='bbox 740 1113 876 1179; x_wconf 85' lang='lat' dir='ltr'>revertit</span> <span class='ocrx_word' id='word_1_77' title='bbox 899 1114 943 1178; x_wconf 90' lang='lat' dir='ltr'>ab</span> <span class='ocrx_word' id='word_1_78' title='bbox 968 1116 1065 1183; x_wconf 89' lang='lat' dir='ltr'>urbe.</span> 
     </span>
     <span class='ocr_line' id='line_1_12' title="bbox 118 1201 937 1286; baseline 0 -20"><span class='ocrx_word' id='word_1_79' title='bbox 118 1202 306 1267; x_wconf 90' lang='lat' dir='ltr'>Percutiens</span> <span class='ocrx_word' id='word_1_80' title='bbox 331 1201 430 1266; x_wconf 89' lang='lat' dir='ltr'>etiam</span> <span class='ocrx_word' id='word_1_81' title='bbox 453 1222 563 1286; x_wconf 83' lang='lat' dir='ltr'>pugno</span> <span class='ocrx_word' id='word_1_82' title='bbox 585 1206 664 1266; x_wconf 86' lang='lat' dir='ltr'>tuno</span> <span class='ocrx_word' id='word_1_83' title='bbox 686 1205 821 1285; x_wconf 81' lang='lat' dir='ltr'>pectora</span> <span class='ocrx_word' id='word_1_84' title='bbox 843 1201 937 1267; x_wconf 85' lang='lat' dir='ltr'>dicit:</span> 
     </span>
    </p>

    <p class='ocr_par' dir='ltr' id='par_1_5' title="bbox 43 1290 1138 1732">
     <span class='ocr_line' id='line_1_13' title="bbox 43 1290 1069 1376; baseline 0.003 -19"><span class='ocrx_word' id='word_1_85' title='bbox 43 1298 99 1358; x_wconf 85' lang='grc' dir='ltr'>Ι366</span> <span class='ocrx_word' id='word_1_86' title='bbox 119 1290 212 1375; x_wconf 82' lang='grc' dir='ltr'>Ἥ33,</span> <span class='ocrx_word' id='word_1_87' title='bbox 235 1291 307 1373; x_wconf 85' lang='lat' dir='ltr'>heu,</span> <span class='ocrx_word' id='word_1_88' title='bbox 331 1290 479 1355; x_wconf 84' lang='lat' dir='ltr'>delusum</span> <span class='ocrx_word' id='word_1_89' title='bbox 503 1293 554 1354; x_wconf 87' lang='lat' dir='ltr'>est</span> <span class='ocrx_word' id='word_1_90' title='bbox 577 1311 716 1376; x_wconf 82' lang='lat' dir='ltr'>regnum</span> <span class='ocrx_word' id='word_1_91' title='bbox 739 1292 875 1376; x_wconf 85' lang='lat' dir='ltr'>divaque</span> <span class='ocrx_word' id='word_1_92' title='bbox 898 1295 1069 1374; x_wconf 88' lang='lat' dir='ltr'>potestas:</span> 
     </span>
     <span class='ocr_line' id='line_1_14' title="bbox 118 1378 975 1464; baseline -0.001 -19"><span class='ocrx_word' id='word_1_93' title='bbox 118 1378 261 1445; x_wconf 91' lang='lat' dir='ltr'>Numina</span> <span class='ocrx_word' id='word_1_94' title='bbox 284 1379 323 1444; x_wconf 89' lang='lat' dir='ltr'>de</span> <span class='ocrx_word' id='word_1_95' title='bbox 347 1380 474 1464; x_wconf 82' lang='lat' dir='ltr'>magica</span> <span class='ocrx_word' id='word_1_96' title='bbox 497 1379 712 1445; x_wconf 87' lang='lat' dir='ltr'>succumbunt</span> <span class='ocrx_word' id='word_1_97' title='bbox 735 1383 805 1445; x_wconf 89' lang='lat' dir='ltr'>arte</span> <span class='ocrx_word' id='word_1_98' title='bbox 827 1378 975 1444; x_wconf 70' lang='lat' dir='ltr'>revicta?</span> 
     </span>
     <span class='ocr_line' id='line_1_15' title="bbox 117 1467 1138 1555; baseline 0.005 -22"><span class='ocrx_word' id='word_1_99' title='bbox 117 1467 241 1555; x_wconf 85' lang='lat' dir='ltr'>Magna</span> <span class='ocrx_word' id='word_1_100' title='bbox 260 1468 390 1553; x_wconf 88' lang='lat' dir='ltr'>quidem</span> <span class='ocrx_word' id='word_1_101' title='bbox 412 1468 525 1553; x_wconf 88' lang='lat' dir='ltr'>populi</span> <span class='ocrx_word' id='word_1_102' title='bbox 548 1490 625 1552; x_wconf 85' lang='lat' dir='ltr'>pars</span> <span class='ocrx_word' id='word_1_103' title='bbox 649 1472 799 1533; x_wconf 87' lang='lat' dir='ltr'>sanctum</span> <span class='ocrx_word' id='word_1_104' title='bbox 817 1468 940 1533; x_wconf 89' lang='lat' dir='ltr'>clamat</span> <span class='ocrx_word' id='word_1_105' title='bbox 961 1469 1004 1534; x_wconf 87' lang='lat' dir='ltr'>ad</span> <span class='ocrx_word' id='word_1_106' title='bbox 1023 1471 1138 1538; x_wconf 87' lang='lat' dir='ltr'>istum:</span> 
     </span>
     <span class='ocr_line' id='line_1_16' title="bbox 119 1556 1138 1642; baseline 0.003 -18"><span class='ocrx_word' id='word_1_107' title='bbox 119 1556 314 1641; x_wconf 69' lang='lat' dir='ltr'>Christum,</span> <span class='ocrx_word' id='word_1_108' title='bbox 338 1560 458 1641; x_wconf 87' lang='lat' dir='ltr'>sancte,</span> <span class='ocrx_word' id='word_1_109' title='bbox 480 1578 615 1642; x_wconf 88' lang='lat' dir='ltr'>precare</span> <span class='ocrx_word' id='word_1_110' title='bbox 638 1556 748 1641; x_wconf 83' lang='lat' dir='ltr'>deum,</span> <span class='ocrx_word' id='word_1_111' title='bbox 770 1556 867 1621; x_wconf 90' lang='lat' dir='ltr'>modo</span> <span class='ocrx_word' id='word_1_112' title='bbox 890 1577 932 1620; x_wconf 89' lang='lat' dir='ltr'>ne</span> <span class='ocrx_word' id='word_1_113' title='bbox 955 1558 1138 1627; x_wconf 85' lang='lat' dir='ltr'>moriamur</span> 
     </span>
     <span class='ocr_line' id='line_1_17' title="bbox 120 1646 1034 1732; baseline 0.001 -21"><span class='ocrx_word' id='word_1_114' title='bbox 120 1646 266 1732; x_wconf 87' lang='lat' dir='ltr'>Diripiat</span> <span class='ocrx_word' id='word_1_115' title='bbox 286 1668 347 1711; x_wconf 91' lang='lat' dir='ltr'>nos</span> <span class='ocrx_word' id='word_1_116' title='bbox 370 1647 496 1730; x_wconf 90' lang='lat' dir='ltr'>hocque</span> <span class='ocrx_word' id='word_1_117' title='bbox 520 1647 666 1729; x_wconf 84' lang='lat' dir='ltr'>dracone,</span> <span class='ocrx_word' id='word_1_118' title='bbox 689 1649 726 1710; x_wconf 87' lang='lat' dir='ltr'>ut</span> <span class='ocrx_word' id='word_1_119' title='bbox 748 1666 815 1710; x_wconf 92' lang='lat' dir='ltr'>non</span> <span class='ocrx_word' id='word_1_120' title='bbox 837 1646 1034 1730; x_wconf 73' lang='lat' dir='ltr'>pereamus?</span> 
     </span>
    </p>

    <p class='ocr_par' dir='ltr' id='par_1_6' title="bbox 49 1734 1163 2174">
     <span class='ocr_line' id='line_1_18' title="bbox 49 1734 1163 1819; baseline -0.001 -21"><span class='ocrx_word' id='word_1_121' title='bbox 49 1751 102 1802; x_wconf 85' lang='grc'>370</span> <span class='ocrx_word' id='word_1_122' title='bbox 121 1736 309 1801; x_wconf 77' lang='lat' dir='ltr'>Exhortans</span> <span class='ocrx_word' id='word_1_123' title='bbox 332 1735 489 1819; x_wconf 90' lang='lat' dir='ltr'>populum</span> <span class='ocrx_word' id='word_1_124' title='bbox 512 1738 590 1799; x_wconf 87' lang='lat' dir='ltr'>tunc</span> <span class='ocrx_word' id='word_1_125' title='bbox 614 1737 744 1799; x_wconf 84' lang='lat' dir='ltr'>sanctus</span> <span class='ocrx_word' id='word_1_126' title='bbox 768 1734 939 1818; x_wconf 90' lang='lat' dir='ltr'>episcopus</span> <span class='ocrx_word' id='word_1_127' title='bbox 962 1734 1054 1802; x_wconf 90' lang='lat' dir='ltr'>infit:</span> <span class='ocrx_word' id='word_1_128' title='bbox 1151 1756 1163 1797; x_wconf 77' lang='lat' dir='ltr'>e</span> 
     </span>
     <span class='ocr_line' id='line_1_19' title="bbox 120 1822 1013 1909; baseline -0.004 -19"><span class='ocrx_word' id='word_1_129' title='bbox 120 1823 263 1890; x_wconf 75' lang='lat' dir='ltr'>‘Credite</span> <span class='ocrx_word' id='word_1_130' title='bbox 287 1823 464 1909; x_wconf 77' lang='lat' dir='ltr'>Christum,</span> <span class='ocrx_word' id='word_1_131' title='bbox 487 1827 524 1888; x_wconf 90' lang='lat' dir='ltr'>ut</span> <span class='ocrx_word' id='word_1_132' title='bbox 545 1822 679 1908; x_wconf 87' lang='lat' dir='ltr'>possitis</span> <span class='ocrx_word' id='word_1_133' title='bbox 703 1822 893 1907; x_wconf 83' lang='lat' dir='ltr'>resipiscere</span> <span class='ocrx_word' id='word_1_134' title='bbox 916 1823 1013 1888; x_wconf 66' lang='lat' dir='ltr'>sani?</span> 
     </span>
     <span class='ocr_line' id='line_1_20' title="bbox 120 1910 985 1995; baseline -0.003 -16"><span class='ocrx_word' id='word_1_135' title='bbox 120 1914 165 1979; x_wconf 87' lang='lat' dir='ltr'>Et</span> <span class='ocrx_word' id='word_1_136' title='bbox 188 1913 352 1979; x_wconf 85' lang='lat' dir='ltr'>benedixit</span> <span class='ocrx_word' id='word_1_137' title='bbox 376 1915 421 1978; x_wconf 90' lang='lat' dir='ltr'>eis</span> <span class='ocrx_word' id='word_1_138' title='bbox 445 1913 614 1978; x_wconf 90' lang='lat' dir='ltr'>inimicum</span> <span class='ocrx_word' id='word_1_139' title='bbox 636 1914 734 1995; x_wconf 90' lang='lat' dir='ltr'>atque</span> <span class='ocrx_word' id='word_1_140' title='bbox 756 1910 831 1975; x_wconf 92' lang='lat' dir='ltr'>inde</span> <span class='ocrx_word' id='word_1_141' title='bbox 853 1911 985 1994; x_wconf 80' lang='lat' dir='ltr'>fugarit</span> 
     </span>
     <span class='ocr_line' id='line_1_21' title="bbox 121 2000 1113 2089; baseline 0.002 -22"><span class='ocrx_word' id='word_1_142' title='bbox 121 2007 169 2068; x_wconf 89' lang='lat' dir='ltr'>Ac</span> <span class='ocrx_word' id='word_1_143' title='bbox 192 2002 369 2089; x_wconf 87' lang='lat' dir='ltr'>praecepit,</span> <span class='ocrx_word' id='word_1_144' title='bbox 392 2006 430 2066; x_wconf 91' lang='lat' dir='ltr'>ut</span> <span class='ocrx_word' id='word_1_145' title='bbox 452 2000 529 2066; x_wconf 92' lang='lat' dir='ltr'>hinc</span> <span class='ocrx_word' id='word_1_146' title='bbox 553 2022 748 2084; x_wconf 86' lang='lat' dir='ltr'>quemquam</span> <span class='ocrx_word' id='word_1_147' title='bbox 770 2021 836 2064; x_wconf 93' lang='lat' dir='ltr'>non</span> <span class='ocrx_word' id='word_1_148' title='bbox 860 2000 1113 2069; x_wconf 79' lang='lat' dir='ltr'>contaminaret</span> 
     </span>
     <span class='ocr_line' id='line_1_22' title="bbox 120 2089 1017 2174; baseline -0.001 -18"><span class='ocrx_word' id='word_1_149' title='bbox 120 2092 255 2156; x_wconf 82' lang='lat' dir='ltr'>Fecerat</span> <span class='ocrx_word' id='word_1_150' title='bbox 277 2110 355 2174; x_wconf 82' lang='lat' dir='ltr'>ergo</span> <span class='ocrx_word' id='word_1_151' title='bbox 379 2090 485 2173; x_wconf 87' lang='lat' dir='ltr'>draco,</span> <span class='ocrx_word' id='word_1_152' title='bbox 509 2093 546 2153; x_wconf 91' lang='lat' dir='ltr'>ut</span> <span class='ocrx_word' id='word_1_153' title='bbox 569 2093 699 2154; x_wconf 88' lang='lat' dir='ltr'>sanctus</span> <span class='ocrx_word' id='word_1_154' title='bbox 722 2091 933 2173; x_wconf 87' lang='lat' dir='ltr'>praeceperat</span> <span class='ocrx_word' id='word_1_155' title='bbox 956 2089 1017 2155; x_wconf 92' lang='lat' dir='ltr'>illi.</span> 
     </span>
    </p>

    <p class='ocr_par' dir='ltr' id='par_1_7' title="bbox 49 2175 1064 2618">
     <span class='ocr_line' id='line_1_23' title="bbox 49 2175 940 2260; baseline -0.004 -16"><span class='ocrx_word' id='word_1_156' title='bbox 49 2196 101 2246; x_wconf 82' lang='grc'>376</span> <span class='ocrx_word' id='word_1_157' title='bbox 122 2180 209 2243; x_wconf 84' lang='grc' dir='ltr'>Η333</span> <span class='ocrx_word' id='word_1_158' title='bbox 232 2182 317 2242; x_wconf 85' lang='lat' dir='ltr'>certe</span> <span class='ocrx_word' id='word_1_159' title='bbox 341 2178 455 2260; x_wconf 91' lang='lat' dir='ltr'>populi</span> <span class='ocrx_word' id='word_1_160' title='bbox 478 2183 644 2241; x_wconf 87' lang='lat' dir='ltr'>cernentes</span> <span class='ocrx_word' id='word_1_161' title='bbox 669 2175 940 2244; x_wconf 77' lang='lat' dir='ltr'>Christicolarum</span> 
     </span>
     <span class='ocr_line' id='line_1_24' title="bbox 120 2264 869 2332; baseline 0.001 -2"><span class='ocrx_word' id='word_1_162' title='bbox 120 2267 276 2331; x_wconf 86' lang='lat' dir='ltr'>Mirantes</span> <span class='ocrx_word' id='word_1_163' title='bbox 300 2264 408 2329; x_wconf 86' lang='lat' dir='ltr'>cuncti</span> <span class='ocrx_word' id='word_1_164' title='bbox 431 2266 565 2329; x_wconf 87' lang='lat' dir='ltr'>suntin</span> <span class='ocrx_word' id='word_1_165' title='bbox 588 2264 765 2330; x_wconf 86' lang='lat' dir='ltr'>virtutibus</span> <span class='ocrx_word' id='word_1_166' title='bbox 790 2267 869 2332; x_wconf 79' lang='lat' dir='ltr'>atmi</span> 
     </span>
     <span class='ocr_line' id='line_1_25' title="bbox 121 2351 961 2439; baseline -0.001 -20"><span class='ocrx_word' id='word_1_167' title='bbox 121 2353 379 2436; x_wconf 85' lang='lat' dir='ltr'>Collaudantque</span> <span class='ocrx_word' id='word_1_168' title='bbox 403 2351 510 2436; x_wconf 86' lang='lat' dir='ltr'>deum,</span> <span class='ocrx_word' id='word_1_169' title='bbox 533 2352 651 2417; x_wconf 84' lang='lat' dir='ltr'>tribuit</span> <span class='ocrx_word' id='word_1_170' title='bbox 674 2354 729 2439; x_wconf 91' lang='lat' dir='ltr'>qui</span> <span class='ocrx_word' id='word_1_171' title='bbox 752 2355 835 2419; x_wconf 88' lang='lat' dir='ltr'>talia</span> <span class='ocrx_word' id='word_1_172' title='bbox 858 2376 961 2420; x_wconf 84' lang='lat' dir='ltr'>servu.</span> 
     </span>
     <span class='ocr_line' id='line_1_26' title="bbox 121 2440 973 2526; baseline 0 -18"><span class='ocrx_word' id='word_1_173' title='bbox 121 2443 305 2526; x_wconf 86' lang='lat' dir='ltr'>Coeperunt</span> <span class='ocrx_word' id='word_1_174' title='bbox 328 2440 460 2507; x_wconf 90' lang='lat' dir='ltr'>domino</span> <span class='ocrx_word' id='word_1_175' title='bbox 483 2440 577 2505; x_wconf 86' lang='lat' dir='ltr'>multi</span> <span class='ocrx_word' id='word_1_176' title='bbox 600 2441 667 2507; x_wconf 83' lang='lat' dir='ltr'>iarn</span> <span class='ocrx_word' id='word_1_177' title='bbox 690 2444 820 2508; x_wconf 90' lang='lat' dir='ltr'>credere</span> <span class='ocrx_word' id='word_1_178' title='bbox 841 2441 973 2508; x_wconf 89' lang='lat' dir='ltr'>Christo</span> 
     </span>
     <span class='ocr_line' id='line_1_27' title="bbox 121 2530 1064 2618; baseline 0.005 -25"><span class='ocrx_word' id='word_1_179' title='bbox 121 2530 166 2594; x_wconf 85' lang='lat' dir='ltr'>Et</span> <span class='ocrx_word' id='word_1_180' title='bbox 189 2531 294 2595; x_wconf 87' lang='lat' dir='ltr'>multa</span> <span class='ocrx_word' id='word_1_181' title='bbox 318 2553 445 2615; x_wconf 89' lang='lat' dir='ltr'>quoque</span> <span class='ocrx_word' id='word_1_182' title='bbox 468 2530 560 2595; x_wconf 87' lang='lat' dir='ltr'>milia</span> <span class='ocrx_word' id='word_1_183' title='bbox 582 2534 661 2597; x_wconf 89' lang='lat' dir='ltr'>tunc</span> <span class='ocrx_word' id='word_1_184' title='bbox 683 2532 850 2616; x_wconf 87' lang='lat' dir='ltr'>baptisma</span> <span class='ocrx_word' id='word_1_185' title='bbox 872 2536 1064 2618; x_wconf 85' lang='lat' dir='ltr'>sequuntur.</span> 
     </span>
    </p>

    <p class='ocr_par' dir='ltr' id='par_1_8' title="bbox 50 2619 1163 2971">
     <span class='ocr_line' id='line_1_28' title="bbox 50 2619 959 2706; baseline 0.001 -21"><span class='ocrx_word' id='word_1_186' title='bbox 50 2635 103 2685; x_wconf 87' lang='grc'>380</span> <span class='ocrx_word' id='word_1_187' title='bbox 122 2619 273 2705; x_wconf 85' lang='lat' dir='ltr'>Agminis</span> <span class='ocrx_word' id='word_1_188' title='bbox 297 2620 437 2703; x_wconf 82' lang='lat' dir='ltr'>angelici</span> <span class='ocrx_word' id='word_1_189' title='bbox 459 2620 494 2684; x_wconf 93' lang='lat' dir='ltr'>in</span> <span class='ocrx_word' id='word_1_190' title='bbox 517 2620 607 2684; x_wconf 87' lang='lat' dir='ltr'>caelo</span> <span class='ocrx_word' id='word_1_191' title='bbox 630 2643 690 2704; x_wconf 90' lang='lat' dir='ltr'>par</span> <span class='ocrx_word' id='word_1_192' title='bbox 713 2621 856 2686; x_wconf 87' lang='lat' dir='ltr'>cernitur</span> <span class='ocrx_word' id='word_1_193' title='bbox 880 2642 959 2706; x_wconf 87' lang='lat' dir='ltr'>ergo</span> 
     </span>
     <span class='ocr_line' id='line_1_29' title="bbox 120 2707 1031 2793; baseline 0.002 -20"><span class='ocrx_word' id='word_1_194' title='bbox 120 2707 296 2773; x_wconf 89' lang='lat' dir='ltr'>Daemonis</span> <span class='ocrx_word' id='word_1_195' title='bbox 320 2712 511 2793; x_wconf 85' lang='lat' dir='ltr'>exspectans</span> <span class='ocrx_word' id='word_1_196' title='bbox 534 2712 663 2792; x_wconf 84' lang='lat' dir='ltr'>partem</span> <span class='ocrx_word' id='word_1_197' title='bbox 686 2729 816 2793; x_wconf 82' lang='lat' dir='ltr'>pugnae</span> <span class='ocrx_word' id='word_1_198' title='bbox 839 2710 1031 2792; x_wconf 86' lang='lat' dir='ltr'>perituram.</span> 
     </span>
     <span class='ocr_line' id='line_1_30' title="bbox 119 2795 961 2881; baseline 0 -19"><span class='ocrx_word' id='word_1_199' title='bbox 119 2796 197 2862; x_wconf 86' lang='lat' dir='ltr'>Mox</span> <span class='ocrx_word' id='word_1_200' title='bbox 219 2797 331 2859; x_wconf 90' lang='lat' dir='ltr'>urbem</span> <span class='ocrx_word' id='word_1_201' title='bbox 355 2798 485 2876; x_wconf 90' lang='lat' dir='ltr'>praesul</span> <span class='ocrx_word' id='word_1_202' title='bbox 508 2800 613 2861; x_wconf 85' lang='lat' dir='ltr'>totam</span> <span class='ocrx_word' id='word_1_203' title='bbox 636 2796 778 2860; x_wconf 86' lang='lat' dir='ltr'>elamore</span> <span class='ocrx_word' id='word_1_204' title='bbox 801 2795 961 2881; x_wconf 80' lang='lat' dir='ltr'>replebat3</span> 
     </span>
     <span class='ocr_line' id='line_1_31' title="bbox 121 2882 1163 2971; baseline -0.004 -21"><span class='ocrx_word' id='word_1_205' title='bbox 121 2884 247 2950; x_wconf 71' lang='lat' dir='ltr'>‘Gloria</span> <span class='ocrx_word' id='word_1_206' title='bbox 269 2904 410 2965; x_wconf 88' lang='lat' dir='ltr'>namque</span> <span class='ocrx_word' id='word_1_207' title='bbox 434 2884 493 2948; x_wconf 88' lang='lat' dir='ltr'>deo</span> <span class='ocrx_word' id='word_1_208' title='bbox 516 2884 551 2947; x_wconf 92' lang='lat' dir='ltr'>in</span> <span class='ocrx_word' id='word_1_209' title='bbox 573 2882 689 2967; x_wconf 89' lang='lat' dir='ltr'>celsis,’</span> <span class='ocrx_word' id='word_1_210' title='bbox 713 2883 868 2948; x_wconf 85' lang='lat' dir='ltr'>reboatur</span> <span class='ocrx_word' id='word_1_211' title='bbox 890 2886 931 2950; x_wconf 90' lang='lat' dir='ltr'>ab</span> <span class='ocrx_word' id='word_1_212' title='bbox 955 2885 1024 2971; x_wconf 85' lang='lat' dir='ltr'>illo,</span> <span class='ocrx_word' id='word_1_213' title='bbox 1151 2905 1163 2946; x_wconf 77' lang='lat' dir='ltr'>r.</span> 
     </span>
    </p>
   </div>
   <div class='ocr_carea' id='block_1_3' title="bbox 121 3019 1136 3587">
    <p class='ocr_par' dir='ltr' id='par_1_9' title="bbox 121 3019 1136 3587">
     <span class='ocr_line' id='line_1_32' title="bbox 193 3019 1135 3093; baseline 0.004 -16"><span class='ocrx_word' id='word_1_214' title='bbox 193 3027 246 3077; x_wconf 82' lang='grc'>334</span> <span class='ocrx_word' id='word_1_215' title='bbox 265 3020 380 3076; x_wconf 78' lang='lat' dir='ltr'>‘tunuit&#39;</span> <span class='ocrx_word' id='word_1_216' title='bbox 400 3019 479 3090; x_wconf 85' lang='lat' dir='ltr'>prius</span> <span class='ocrx_word' id='word_1_217' title='bbox 502 3038 521 3074; x_wconf 92' lang='lat' dir='ltr'>u</span> <span class='ocrx_word' id='word_1_218' title='bbox 545 3020 669 3075; x_wconf 85' lang='lat' dir='ltr'>deletum</span> <span class='ocrx_word' id='word_1_219' title='bbox 693 3023 722 3076; x_wconf 88' lang='lat' dir='ltr'>et</span> <span class='ocrx_word' id='word_1_220' title='bbox 746 3035 761 3073; x_wconf 90' lang='lat' dir='ltr'>e</span> <span class='ocrx_word' id='word_1_221' title='bbox 784 3023 1004 3093; x_wconf 85' lang='lat' dir='ltr'>superscriptum</span> <span class='ocrx_word' id='word_1_222' title='bbox 1084 3031 1135 3081; x_wconf 83' lang='grc'>353</span> 
     </span>
     <span class='ocr_line' id='line_1_33' title="bbox 123 3091 1135 3162; baseline 0.002 -14"><span class='ocrx_word' id='word_1_223' title='bbox 123 3094 280 3162; x_wconf 77' lang='lat' dir='ltr'>‘statimque</span> <span class='ocrx_word' id='word_1_224' title='bbox 306 3091 398 3162; x_wconf 78' lang='lat' dir='ltr'>ioqac’</span> <span class='ocrx_word' id='word_1_225' title='bbox 478 3096 530 3145; x_wconf 85' lang='grc'>330</span> <span class='ocrx_word' id='word_1_226' title='bbox 555 3091 652 3160; x_wconf 76' lang='lat' dir='ltr'>‘qippe</span> <span class='ocrx_word' id='word_1_227' title='bbox 681 3091 777 3146; x_wconf 87' lang='lat' dir='ltr'>draeo’</span> <span class='ocrx_word' id='word_1_228' title='bbox 806 3110 820 3145; x_wconf 90' lang='lat' dir='ltr'>r</span> <span class='ocrx_word' id='word_1_229' title='bbox 848 3111 881 3148; x_wconf 85' lang='lat' dir='ltr'>ex</span> <span class='ocrx_word' id='word_1_230' title='bbox 910 3112 927 3147; x_wconf 90' lang='lat' dir='ltr'>a</span> <span class='ocrx_word' id='word_1_231' title='bbox 955 3096 1135 3152; x_wconf 81' lang='lat' dir='ltr'>emendatum</span> 
     </span>
     <span class='ocr_line' id='line_1_34' title="bbox 123 3161 1136 3234; baseline 0.003 -16"><span class='ocrx_word' id='word_1_232' title='bbox 123 3164 240 3218; x_wconf 81' lang='lat' dir='ltr'>‘statue&#39;</span> <span class='ocrx_word' id='word_1_233' title='bbox 303 3171 354 3220; x_wconf 82' lang='lat'>361</span> <span class='ocrx_word' id='word_1_234' title='bbox 376 3162 475 3217; x_wconf 77' lang='lat' dir='ltr'>‘lueto’</span> <span class='ocrx_word' id='word_1_235' title='bbox 538 3167 590 3215; x_wconf 81' lang='grc'>368</span> <span class='ocrx_word' id='word_1_236' title='bbox 610 3162 712 3216; x_wconf 81' lang='lat' dir='ltr'>‘cesar’</span> <span class='ocrx_word' id='word_1_237' title='bbox 734 3161 833 3215; x_wconf 85' lang='lat' dir='ltr'>‘ulam&#39;</span> <span class='ocrx_word' id='word_1_238' title='bbox 854 3183 872 3219; x_wconf 91' lang='lat' dir='ltr'>a</span> <span class='ocrx_word' id='word_1_239' title='bbox 890 3182 1026 3234; x_wconf 75' lang='lat' dir='ltr'>superior.</span> <span class='ocrx_word' id='word_1_240' title='bbox 1084 3172 1136 3222; x_wconf 87' lang='grc'>364</span> 
     </span>
     <span class='ocr_line' id='line_1_35' title="bbox 124 3232 1136 3307; baseline 0.002 -17"><span class='ocrx_word' id='word_1_241' title='bbox 124 3234 309 3303; x_wconf 79' lang='lat' dir='ltr'>‘percuciens&#39;</span> <span class='ocrx_word' id='word_1_242' title='bbox 366 3239 419 3290; x_wconf 88' lang='grc'>374</span> <span class='ocrx_word' id='word_1_243' title='bbox 436 3233 480 3288; x_wconf 79' lang='lat' dir='ltr'>‘ut</span> <span class='ocrx_word' id='word_1_244' title='bbox 497 3232 610 3288; x_wconf 84' lang='lat' dir='ltr'>sanetus</span> <span class='ocrx_word' id='word_1_245' title='bbox 628 3233 672 3286; x_wconf 86' lang='lat' dir='ltr'>ut&#39;</span> <span class='ocrx_word' id='word_1_246' title='bbox 693 3232 847 3288; x_wconf 84' lang='lat' dir='ltr'>secundum</span> <span class='ocrx_word' id='word_1_247' title='bbox 866 3237 899 3290; x_wconf 88' lang='lat' dir='ltr'>ut</span> <span class='ocrx_word' id='word_1_248' title='bbox 917 3236 1042 3290; x_wconf 89' lang='lat' dir='ltr'>deletum</span> <span class='ocrx_word' id='word_1_249' title='bbox 1063 3239 1136 3307; x_wconf 82' lang='lat' dir='ltr'>‘pre-</span> 
     </span>
     <span class='ocr_line' id='line_1_36' title="bbox 122 3301 1134 3377; baseline 0.004 -18"><span class='ocrx_word' id='word_1_250' title='bbox 122 3305 248 3375; x_wconf 87' lang='lat' dir='ltr'>ceperat&#39;</span> <span class='ocrx_word' id='word_1_251' title='bbox 309 3311 361 3361; x_wconf 79' lang='grc'>375</span> <span class='ocrx_word' id='word_1_252' title='bbox 382 3305 458 3362; x_wconf 83' lang='lat' dir='ltr'>‘heo&#39;</span> <span class='ocrx_word' id='word_1_253' title='bbox 519 3307 570 3359; x_wconf 88' lang='grc'>377</span> <span class='ocrx_word' id='word_1_254' title='bbox 591 3301 845 3371; x_wconf 78' lang='lat' dir='ltr'>‘Conlaudantque&#39;</span> <span class='ocrx_word' id='word_1_255' title='bbox 903 3311 955 3360; x_wconf 87' lang='grc'>378</span> <span class='ocrx_word' id='word_1_256' title='bbox 976 3307 1134 3377; x_wconf 78' lang='lat' dir='ltr'>‘ceperunt’</span> 
     </span>
     <span class='ocr_line' id='line_1_37' title="bbox 122 3373 1134 3447; baseline 0.003 -17"><span class='ocrx_word' id='word_1_257' title='bbox 122 3380 174 3430; x_wconf 87' lang='grc'>379</span> <span class='ocrx_word' id='word_1_258' title='bbox 195 3375 348 3431; x_wconf 78' lang='lat' dir='ltr'>‘secuntur&#39;</span> <span class='ocrx_word' id='word_1_259' title='bbox 414 3383 467 3434; x_wconf 86' lang='grc'>380</span> <span class='ocrx_word' id='word_1_260' title='bbox 487 3373 628 3446; x_wconf 79' lang='lat' dir='ltr'>‘agminis&#39;</span> <span class='ocrx_word' id='word_1_261' title='bbox 648 3392 669 3443; x_wconf 79' lang='lat' dir='ltr'>g</span> <span class='ocrx_word' id='word_1_262' title='bbox 687 3391 721 3429; x_wconf 88' lang='lat' dir='ltr'>ex</span> <span class='ocrx_word' id='word_1_263' title='bbox 739 3393 753 3429; x_wconf 89' lang='lat' dir='ltr'>r</span> <span class='ocrx_word' id='word_1_264' title='bbox 772 3377 951 3432; x_wconf 87' lang='lat' dir='ltr'>emendatum</span> <span class='ocrx_word' id='word_1_265' title='bbox 972 3377 1134 3447; x_wconf 81' lang='lat' dir='ltr'>‘angelicis’</span> 
     </span>
     <span class='ocr_line' id='line_1_38' title="bbox 123 3445 1135 3517; baseline 0.006 -18"><span class='ocrx_word' id='word_1_266' title='bbox 123 3465 136 3499; x_wconf 86' lang='lat' dir='ltr'>s</span> <span class='ocrx_word' id='word_1_267' title='bbox 155 3446 325 3501; x_wconf 84' lang='lat' dir='ltr'>exstinctum</span> <span class='ocrx_word' id='word_1_268' title='bbox 346 3449 430 3506; x_wconf 80' lang='lat' dir='ltr'>‘celo&#39;</span> <span class='ocrx_word' id='word_1_269' title='bbox 490 3452 541 3504; x_wconf 85' lang='grc'>381</span> <span class='ocrx_word' id='word_1_270' title='bbox 563 3445 701 3499; x_wconf 81' lang='lat' dir='ltr'>‘demonis</span> <span class='ocrx_word' id='word_1_271' title='bbox 721 3449 884 3517; x_wconf 84' lang='lat' dir='ltr'>expectans’</span> <span class='ocrx_word' id='word_1_272' title='bbox 910 3448 1026 3517; x_wconf 81' lang='lat' dir='ltr'>‘pugne’</span> <span class='ocrx_word' id='word_1_273' title='bbox 1083 3455 1135 3505; x_wconf 85' lang='grc'>383</span> 
     </span>
     <span class='ocr_line' id='line_1_39' title="bbox 121 3515 727 3587; baseline 0.003 -16"><span class='ocrx_word' id='word_1_274' title='bbox 121 3534 173 3587; x_wconf 86' lang='lat' dir='ltr'>pro</span> <span class='ocrx_word' id='word_1_275' title='bbox 192 3517 236 3573; x_wconf 77' lang='lat' dir='ltr'>‘io</span> <span class='ocrx_word' id='word_1_276' title='bbox 252 3519 341 3574; x_wconf 64' lang='lat' dir='ltr'>cusa</span> <span class='ocrx_word' id='word_1_277' title='bbox 362 3520 452 3575; x_wconf 83' lang='lat' dir='ltr'>codex</span> <span class='ocrx_word' id='word_1_278' title='bbox 469 3518 582 3575; x_wconf 86' lang='lat' dir='ltr'>exhibet</span> <span class='ocrx_word' id='word_1_279' title='bbox 600 3515 727 3585; x_wconf 75' lang='lat' dir='ltr'>‘tpetctte&#39;</span> 
     </span>
    </p>
   </div>
   <div class='ocr_carea' id='block_1_4' title="bbox 0 0 1184 3946">
    <p class='ocr_par' dir='ltr' id='par_1_10' title="bbox 0 0 1184 3946">
     <span class='ocr_line' id='line_1_40' title="bbox 0 0 1184 3946; baseline 0 0"><span class='ocrx_word' id='word_1_280' title='bbox 0 0 1184 3946; x_wconf 95' lang='lat' dir='ltr'> </span> 
     </span>
    </p>
   </div>
  </div>
 </body>
</html>
