2422 3976
426 171 473 229 Vl.
501 171 589 227 VlTA
608 172 635 228 S.
650 169 825 226 CASSIANI.
1089 169 1132 235 83

118 336 273 401 Verterat
295 336 420 400 interea
444 335 549 400 solitis
572 334 774 399 discursibus
798 355 901 399 annus

118 424 286 489 Mensibus
311 423 473 508 explicitis
497 446 556 489 sua
579 445 637 507 per
658 422 799 508 vestigia
820 423 973 487 volvens:

118 513 244 577 Rursus
268 514 308 578 ad
332 513 502 598 egregium
525 512 695 577 unanimes
718 510 874 596 repedant
897 512 1105 598 peregrinum

68 621 100 669 10
120 602 373 686 Adhaerentque
396 623 508 684 preces
531 601 693 685 precibus,
717 622 781 685 quo
804 600 1015 685 pontificatus

120 688 319 776 suggestum
342 690 519 774 exciperet,
541 690 597 774 qui
619 692 713 754 tanta
736 688 822 754 mole
846 688 985 754 eluebat.

119 778 250 843 Iustitio
275 778 418 842 allicitur
440 777 585 843 lacrimis
609 777 752 862 adeoque
776 781 940 863 gravatur.

119 866 171 932 Sic
195 889 323 952 quoque
347 865 551 950 Simplicium
574 870 757 931 memorant
781 865 900 930 dixisse
922 865 1070 949 beatum,

119 954 173 1020 Sic
195 956 309 1022 vivens
331 954 438 1021 voluit
460 955 603 1020 moriens
626 953 772 1038 illudque
796 955 907 1019 suasit

68 1062 99 1111 15
118 1044 255 1110 Evictus
279 1043 423 1109 lacrimis
447 1044 574 1108 caelebs
597 1042 813 1128 precibusque
836 1042 998 1129 benignus

117 1132 265 1198 Vocibus
289 1133 413 1214 arrisit,
437 1131 627 1216 speculandi
648 1131 742 1196 frena
765 1129 897 1215 recepit.

117 1221 190 1287 Hoc
214 1221 293 1286 deus
317 1221 477 1305 instituit,
499 1221 639 1305 populus
662 1221 725 1284 hoe
747 1219 819 1304 ipse
842 1221 959 1306 coegit

117 1310 303 1374 Arbitrium
327 1308 465 1393 Christi,
487 1331 554 1373 non
577 1312 629 1374 est
652 1309 787 1374 ambitio
811 1308 905 1391 faeti,

118 1398 194 1463 Non
217 1403 331 1463 votum
355 1399 474 1482 sancti,
497 1420 610 1464 verum
632 1397 790 1463 violentia
812 1397 912 1482 vulgi.

68 1504 99 1552 20
118 1486 199 1551 Post
221 1487 338 1552 Petrus
362 1486 536 1570 Ausonios,
559 1486 644 1551 rexit
666 1486 758 1570 prius
781 1485 1015 1550 Antiochenos.

118 1575 181 1640 Hic
203 1580 285 1640 nutu
309 1575 434 1640 domini
456 1575 555 1661 petiit
577 1579 676 1658 caput
698 1574 786 1639 orbis
809 1573 927 1658 iniqui,

116 1663 194 1728 Non
217 1685 313 1748 gazas
337 1663 483 1750 dapium,
507 1664 564 1728 sed
587 1684 744 1747 quaerens
767 1664 894 1727 lucrum
917 1662 1115 1748 animarum,

116 1752 186 1816 Iste
210 1753 270 1818 deo
293 1754 409 1836 plenus
432 1753 558 1818 lictoris
582 1751 723 1836 quaesiit
746 1751 840 1834 ictus,

117 1839 195 1907 Non
218 1842 373 1925 opulenta
396 1862 549 1925 sequens,
573 1839 630 1905 sed
653 1839 777 1905 Christi
800 1842 901 1906 verba
924 1838 1132 1924 perimplens.

68 1946 99 1994 25
118 1930 160 1993 Ei
183 1951 316 2012 prorsus
340 1930 458 1993 libram
481 1928 693 2013 praetendere
716 1929 870 1994 condecet
892 1929 1005 2006 istam,

120 2017 239 2082 Omnia
262 2018 318 2101 qui
339 2017 427 2082 iusto
451 2039 579 2102 semper
601 2017 821 2083 moderamine
842 2019 968 2102 pensat.

202 2191 243 2245 De
262 2206 304 2257 eo,
323 2189 399 2259 quod
417 2194 530 2246 sanctus
549 2191 698 2247 Cassianus
717 2190 912 2262 episcopatum
930 2192 1045 2263 recepit.

118 2301 157 2365 In
182 2303 342 2387 suggestu
364 2321 442 2387 ergo
465 2304 580 2384 pastor
603 2301 756 2366 suffectus
781 2303 921 2367 enormis

119 2387 210 2454 Sicut
233 2411 332 2474 eques
354 2395 451 2454 notas
475 2389 612 2454 comiter
634 2390 826 2455 moderabat
847 2391 1002 2456 habenas.

119 2478 281 2544 Rhetores
305 2477 460 2542 arohidici
483 2478 675 2563 depromant
699 2483 844 2562 syrmate
867 2479 967 2565 dulci,
1149 2507 1211 2550 sao

68 2584 100 2634 30
120 2565 210 2642 Quae
231 2567 336 2632 virtus
359 2566 409 2630 illi
431 2566 544 2648 fuerit,
567 2588 650 2650 quae
673 2567 768 2651 eopia
790 2566 889 2631 fandi.

118 2654 171 2720 Sic
193 2659 288 2719 natos
312 2654 442 2720 domino
467 2655 638 2720 stabilibat
659 2655 791 2720 flamine
816 2659 929 2721 sancto

118 2742 239 2809 Cedere
262 2744 410 2809 nolentes
434 2745 566 2827 eiusque
589 2743 751 2829 profunda
774 2748 950 2830 stupentes,

117 2832 284 2898 Muloebat
306 2832 401 2897 dietis
424 2854 574 2897 reserans
598 2833 757 2916 mysteria
780 2833 880 2897 miris.

117 2920 213 2985 Alter
236 2925 306 2985 erat
328 2920 448 2985 Paulus
472 2921 620 3005 typicans
644 2921 777 2986 oracula
799 2923 910 3005 rebus,

189 3192 241 3240 509
265 3192 283 3238 0
303 3184 489 3254 ’aegregium’
565 3189 616 3239 510
641 3189 662 3235 F
684 3183 713 3237 in
737 3184 865 3251 margine
891 3184 1128 3256 ‘adjunguntque'

117 3263 169 3312 512
189 3263 232 3309 OF
254 3255 390 3311 ‘iusticie'
416 3262 437 3308 F
458 3252 610 3324 ‘lacrymis’
667 3258 718 3309 515
739 3262 757 3307 0
777 3255 929 3311 ‘Euiaetas
947 3257 1041 3311 lomis’
1061 3261 1082 3308 F
1101 3257 1129 3311 in

116 3330 244 3397 margine
264 3327 389 3382 ‘Evictus
407 3324 552 3395 lacrymis'
572 3331 593 3377 F
610 3325 745 3380 ‘coelebs'
801 3331 852 3380 521
873 3327 1020 3397 c‘oapud'
1077 3331 1129 3383 525

116 3406 137 3452 F
158 3400 221 3453 ‘Et'
279 3405 330 3453 526
348 3404 369 3450 F
389 3398 503 3466 ‘semper
521 3396 609 3464 juato'
626 3428 660 3437 —
678 3402 699 3448 F
718 3396 815 3452 omisit
834 3397 968 3452 ‘sanctus'
986 3429 1018 3439 -
1038 3403 1130 3453 5271

119 3471 267 3540 ‘supposta'
346 3474 398 3522 529
422 3474 440 3519 c
464 3467 624 3522 ‘Rethores’
703 3473 754 3524 532
777 3473 798 3520 F
824 3467 962 3525 ‘uolentes’
1036 3474 1130 3526 55811

119 3542 268 3597 ‘misteria’
325 3545 377 3595 534
396 3546 414 3591 (t
433 3539 577 3610 ‘tipicans'

931 3629 970 3686 6*
