2354 3946
314 216 389 272 VIII.
419 211 571 270 CARMEN
590 213 638 268 DE
659 213 684 269 S.
700 213 815 269 LUCIA.
1007 213 1071 278 135

55 379 213 443 Providus
238 382 318 460 esto,
342 378 403 443 tibi
425 400 511 442 nunc
534 381 571 442 ut
593 377 704 442 valeas
728 374 886 459 adipisci?

56 465 214 532 Credulus
239 466 358 531 audItis
382 465 589 530 stomachum
611 465 816 549 reprimendo
841 465 979 548 quievit3

56 556 142 632 Quin
166 556 265 620 etiam
288 554 378 620 favet
401 558 434 618 et
457 554 670 618 vendentibus
694 554 764 638 ipse
788 554 910 618 suadet.

55 643 204 708 PascItur
228 643 270 708 ad
291 647 420 726 tempus
445 643 608 706 modicum
633 664 689 725 spe
713 642 822 706 elusus
847 642 950 725 inani,

10 749 36 798 lo
55 732 174 797 Exitus
197 732 311 818 infelix
336 732 479 818 gravIter
503 752 598 818 quem
622 730 758 814 denique
781 730 888 796 torsit.

55 820 224 905 Comperit
247 821 402 903 insipiens
425 822 492 885 iam
514 819 561 884 rei
583 820 695 883 lumen
719 823 881 904 apertum3

53 909 140 974 Nam
165 910 322 993 quidquid
345 908 443 974 latuit
465 908 564 993 prius,
588 908 717 973 dicebat
740 907 859 992 ubique

53 997 124 1064 Iam
149 999 229 1063 satis
253 1001 287 1062 et
310 999 399 1063 clara
422 998 593 1080 vulgatum
616 1018 693 1061 voce
717 996 860 1079 patebat.

55 1086 166 1152 Saevit
189 1093 221 1151 et
243 1087 334 1151 illius
358 1085 402 1151 fel
424 1086 549 1150 viscera
571 1085 684 1149 turbat
707 1107 868 1169 amarum3

10 1191 35 1240 50
56 1175 146 1240 Tunc
169 1175 276 1240 rabies
300 1175 369 1240 eius
393 1173 560 1239 cerebrum
583 1174 753 1238 confundit
777 1178 809 1238 et
832 1195 962 1238 omnem

54 1264 202 1329 Evacuat
226 1286 357 1328 sensum
379 1263 517 1328 rationis
540 1266 691 1347 praepete
715 1264 809 1346 lapsu

53 1352 171 1417 Fertur
195 1354 284 1417 etin
306 1349 470 1437 praeceps.
507 1349 620 1416 Veluti
643 1352 739 1433 lupus
762 1351 882 1435 impius
906 1351 1029 1436 absque

55 1439 201 1524 Segnitie
225 1441 292 1505 ruit
314 1441 377 1505 huc
400 1440 543 1523 illucque
567 1439 713 1524 agitatur
736 1439 901 1520 oberrans,

55 1529 159 1605 Quem
181 1529 273 1593 furor
296 1529 437 1614 impellit
460 1528 608 1592 rabidum
631 1527 805 1610 faucesque
829 1526 973 1591 crudeles

10 1634 35 1683 tu
54 1616 207 1696 Exacuit‚
230 1655 267 1664 -
288 1618 380 1683 nulla
403 1617 563 1682 medicina
587 1616 840 1680 subveniendum
864 1651 908 1661 —

55 1706 131 1789 Qui,
155 1728 362 1790 quaecunque
385 1706 488 1789 videt,
511 1705 645 1770 molitur
668 1704 795 1768 laedere
819 1703 946 1768 statim:
971 1703 974 1707 ’

55 1794 106 1860 Sic
131 1795 234 1859 malus
258 1795 315 1859 ille
337 1795 425 1880 piam
450 1794 626 1879 quaerebat
649 1793 782 1877 perdere
806 1790 930 1857 Christi

54 1882 229 1948 Ancillam.
271 1882 333 1958 Qui
356 1883 524 1948 Paschasii
546 1882 750 1966 proconsulis
775 1902 885 1947 aurem

53 1972 187 2037 Excitat
210 1972 339 2037 iniustis
365 1973 479 2037 ardens
503 1972 626 2035 instare
651 1969 791 2053 querelis

10 2077 35 2126 50
53 2060 99 2124 Et
121 2060 182 2126 tali
206 2063 344 2144 strepitu
368 2081 485 2125 vacuas
510 2059 694 2124 diverberat
717 2080 826 2123 auras:

55 2147 153 2234 ‘Heu,
177 2150 262 2214 male
286 2149 479 2214 confundor!
522 2148 606 2224 Quid
630 2148 748 2232 agam?
794 2146 868 2212 Duo
890 2169 943 2212 me
967 2147 1056 2212 mala

694 2239 863 2320 torquent:

55 2324 120 2391 Res
145 2327 269 2412 periere
293 2347 392 2411 meae,
416 2347 496 2411 quas
521 2347 674 2409 quaerere
697 2325 806 2391 nescio
831 2346 1009 2410 quoquam3

54 2414 199 2480 Foedera
222 2415 367 2500 coniugii
391 2436 442 2480 me
465 2418 634 2500 tamquam
658 2418 803 2480 stercora
826 2417 992 2498 spernunt.

55 2502 173 2569 Maiori
197 2504 253 2568 sed
277 2503 381 2568 adhuc
404 2504 529 2568 crucior
552 2502 628 2566 hinc
651 2502 724 2567 inde
748 2503 867 2586 dolore,

10 2609 37 2660 66
56 2589 187 2657 Scilicet
209 2592 281 2677 hoc,
305 2592 381 2676 quia
403 2593 475 2657 iura
498 2591 618 2656 cadunt
641 2594 674 2654 et
698 2612 789 2655 sacra
813 2593 940 2655 statuta

55 2681 126 2746 Ima
150 2685 268 2765 petunt
290 2680 529 2766 Augustorum,
552 2699 740 2760 nuncusque
764 2677 913 2742 decenter

55 2769 144 2845 Quae
168 2792 278 2835 rexere
303 2792 396 2837 suum
419 2767 604 2834 reverendis
628 2765 756 2850 legibus
780 2767 900 2832 orbem.

55 2857 174 2923 Omnia
196 2861 324 2922 mutato
347 2857 426 2922 ferri
449 2862 537 2922 retro
561 2855 675 2920 ordine
699 2875 807 2920 cerno:

54 2945 190 3012 Femina
213 2948 279 3011 iam
301 2946 401 3011 robur
423 2946 543 3010 temnit
565 2945 650 3008 male
675 2964 754 3008 sana
778 2942 870 3008 vlrile

10 3055 37 3103 ro
59 3035 199 3101 Rennuit
223 3040 256 3100 et
280 3035 384 3100 subici
408 3034 571 3117 mihimet,
593 3033 669 3098 heu!
694 3032 833 3116 turpiter
856 3031 935 3113 ista,

56 3124 145 3200 Quae
169 3147 220 3189 me
244 3124 392 3188 delusum
414 3123 499 3188 ridet
522 3123 646 3188 sociata
668 3120 814 3207 profanis

127 3305 180 3353 244
201 3299 305 3356 ‘clusus
327 3296 415 3353 uicm'
480 3301 532 3352 242
554 3295 712 3366 ‘quicquid'
778 3299 830 3349 249
851 3292 953 3348 ‘SeuIt’
1016 3296 1068 3347 261

57 3370 195 3441 ‘prepete'
271 3374 323 3424 262
344 3369 483 3439 ‘preceps'
557 3373 610 3422 266
630 3364 783 3437 ‘Segnicie’
856 3370 910 3420 264
930 3362 1067 3433 ‘inpellit’

56 3444 107 3498 266
124 3441 339 3510 ‘quaecumque’
358 3439 473 3494 ‘ledere’
530 3443 582 3493 267
600 3436 757 3507 ‘querebat’
812 3441 864 3491 260
880 3433 1068 3506 ‘perstrepitat’

56 3518 107 3568 262
121 3513 261 3582 ‘querere'
308 3517 361 3566 266
373 3511 521 3566 ‘Faedera'
567 3514 619 3564 266
632 3509 716 3562 ‘nunc
729 3507 829 3577 usque’
871 3512 924 3563 268
936 3504 1068 3567 ‘malm’

56 3588 107 3638 269
129 3582 272 3653 ‘tempsit’
330 3589 382 3638 270
403 3581 484 3636 ‘mihi
502 3581 571 3637 met’
628 3585 679 3634 271
700 3577 875 3650 ‘prophanis'
