2354 3946
78 172 142 236 104
387 169 434 225 1x.
462 168 550 225 viri
575 167 602 225 0.
621 166 775 245 arsurus

77 333 219 400 Cernens
243 333 431 418 pontificem
456 331 629 416 procedere
652 329 758 395 laudis
781 329 817 393 in
839 351 991 416 unguem

79 422 235 509 Suggerit
258 423 413 505 exemplis
437 421 623 504 exhortans,
646 441 745 504 aeque
768 419 920 503 loquelis,

6 529 59 580 300
79 510 237 596 Suppleat
260 515 297 575 ut
319 511 444 575 iussum
468 509 556 574 deice
580 509 642 573 sibi
665 507 936 593 praenotitatum.

132 650 212 717 Quod
231 650 320 705 amori
339 649 446 704 ascitus
464 647 624 717 coepiscopi
642 646 679 700 ad
698 646 831 701 dilectam
851 645 1045 704 solitudinem

444 719 526 773 citius
544 716 721 773 remeaverit

78 812 233 877 Autberti
258 815 390 875 sanctus
413 809 571 894 posthaec
595 807 753 874 solamine
776 807 892 890 fultus,
1123 826 1172 876 15¹

79 899 179 966 Cuius
203 902 237 963 iu
261 900 443 984 angelicam
468 920 594 982 semper
617 918 708 962 mens
732 895 861 961 aemula
882 918 1058 984 normam,
1118 906 1175 947 00l¹

79 989 156 1054 Mox
179 989 243 1052 iter
267 989 429 1072 assignat,
453 984 561 1051 Ochae
586 1008 649 1070 quo
672 985 821 1072 iungitur
844 983 973 1071 Hagna.

79 1076 231 1161 Limpida
254 1076 309 1139 sed
334 1074 486 1159 pulchras
511 1074 587 1138 dnm
610 1095 675 1139 nox
698 1073 786 1139 videt
812 1072 945 1139 aethere
971 1075 1103 1161 stellas,

9 1183 60 1232 380
80 1164 269 1247 Hospitium
294 1162 396 1226 dictae
420 1161 527 1225 reddit
549 1162 668 1226 vicinia
691 1163 798 1227 villae.

80 1252 166 1318 Hinc
189 1271 312 1314 memor
336 1250 459 1314 orantis
483 1250 666 1333 spectantia
688 1251 793 1317 fulcra
815 1250 938 1315 revisit.

81 1340 214 1406 Assidet
238 1338 386 1422 antistes,
407 1337 544 1423 pedibus
567 1341 786 1422 prosternitur
807 1339 942 1423 hospes;

83 1428 228 1515 Supplex
251 1427 369 1506 oravit,
393 1427 545 1492 lacrimas
568 1450 628 1511 pro
651 1427 790 1512 coniuge
812 1426 911 1512 fudit3

83 1518 185 1584 Partu
207 1539 347 1601 namque
372 1516 479 1602 gravis
502 1516 659 1580 tendebat
681 1516 722 1580 ad
745 1515 837 1601 orgia
860 1517 987 1582 mortis.

11 1625 63 1674 390
82 1606 238 1690 Assurgit
261 1609 392 1671 sanctus
415 1604 490 1669 fidei
514 1605 573 1669 sub
596 1605 746 1757 lampade
769 1604 863 1689 fixus,

84 1695 216 1761 Solatur
240 1695 408 1776 miserum,
431 1693 553 1779 promit
577 1693 660 1758 mira
683 1693 726 1757 ila
748 1693 898 1759 verbum:

83 1784 223 1849 ‘Gaudia
245 1805 330 1848 nunc
353 1784 497 1847 animum
520 1783 733 1867 praecingant
757 1781 856 1868 digna
879 1786 1050 1866 tuaptum:

82 1872 189 1937 Mater
212 1872 304 1936 adest
327 1893 448 1955 sospes,
471 1873 581 1954 captat
606 1870 781 1955 crepundia
803 1869 934 1956 proles?

84 1960 241 2027 Credulus
264 1961 341 2024 hinc
364 1960 483 2044 hospes
507 1963 631 2024 tectum
654 1982 720 2025 non
743 1959 848 2024 visere
871 1959 994 2041 differt,

12 2065 64 2114 ³95
84 2048 155 2126 Quo
178 2071 279 2133 paene
303 2048 482 2112 exanimem
507 2049 605 2132 liquit
626 2049 712 2113 male
737 2047 979 2114 laetificantem.

83 2139 215 2203 intrans
238 2138 321 2199 mira
343 2137 447 2219 videt,
472 2158 605 2201 cernens
630 2138 664 2200 in
686 2137 837 2201 laudibus
863 2138 969 2202 ardet:

83 2226 193 2291 Nabla
216 2224 317 2288 refert
341 2223 473 2287 domiuo
497 2246 657 2306 nusquam
681 2225 742 2289 sub
766 2229 913 2310 tempore
936 2230 1045 2311 posto,

84 2314 183 2378 Cuius
207 2312 242 2375 in
265 2311 410 2395 auspicio
434 2311 596 2375 iustorum
620 2312 742 2377 militat
767 2314 846 2378 ordo

83 2401 202 2486 Aegris
226 2403 322 2484 grata
345 2399 462 2481 ferens,
485 2399 685 2464 charismata
708 2401 830 2467 caelica
853 2403 1007 2487 pandens.

13 2506 66 2555 400
84 2489 170 2553 Exin
193 2489 256 2553 iter
279 2492 409 2553 revocat
431 2509 511 2572 sese,
535 2510 598 2573 quo
621 2491 753 2574 praesul
776 2492 909 2576 agebat3

83 2578 219 2643 Labitur
243 2579 439 2664 antepedes
464 2579 594 2644 solvens
618 2602 676 2664 pro
701 2580 836 2665 coniuge
861 2585 980 2666 grates.

83 2666 228 2732 Vocibus
251 2668 326 2733 hinc
350 2668 493 2755 flagitat,
517 2671 642 2755 prolem
666 2692 730 2755 quo
754 2669 885 2733 flumine
909 2669 1056 2757 tinguat,

85 2756 268 2822 Chrismate
293 2757 486 2842 sanctificet,
510 2758 596 2824 vitae
621 2760 681 2823 sub
705 2759 836 2824 tramite
859 2758 975 2822 firmet.

84 2846 236 2910 Assentit
258 2845 407 2928 precibus
432 2849 539 2912 cultor
563 2848 693 2910 deitatis
718 2848 855 2932 opimus.

13 2949 65 3000 405
85 2932 224 2998 Postera
248 2956 320 2998 cum
343 2934 450 3017 prima
473 2934 636 2998 lustrabat
658 2933 808 3018 lampade
832 2939 936 2999 terras

85 3021 167 3087 Orta
191 3022 270 3104 dies,
292 3023 424 3106 praesul
448 3044 482 3086 se
506 3021 609 3086 credit
630 3020 736 3086 laudis
760 3023 794 3087 in
818 3045 909 3107 usns3

157 3184 209 3233 379
238 3177 390 3232 ‘exortans'
427 3175 538 3243 ‘aeque'
570 3174 726 3230 recentiore
758 3195 844 3232 manu
878 3179 931 3234 ‘at’
962 3196 1100 3250 superscr.

86 3255 138 3304 380
150 3249 351 3318 ‘prenotatam'
362 3246 386 3301 ti
401 3263 536 3316 superior.
547 3277 582 3286 -
592 3243 739 3300 ‘adscitus’
751 3278 785 3287 -
800 3255 851 3303 381
863 3250 949 3318 ‘post'
961 3269 1100 3320 superscr.

87 3320 180 3375 ‘haec'
233 3324 285 3373 382
307 3317 422 3373 ‘emula’
475 3316 575 3371 389111
594 3315 720 3383 margine
739 3318 893 3386 ascriptum
914 3320 1098 3379 ‘Parentesis’

87 3390 145 3444 ‘ad'
167 3407 250 3459 supra
278 3389 383 3443 lineam
407 3386 576 3442 collocatum
644 3390 696 3441 898
717 3387 860 3456 ‘auspicio’
927 3398 980 3446 399
1002 3393 1100 3449 ‘caris-

84 3462 172 3513 mata'
229 3465 281 3515 403
303 3458 463 3513 ‘crismate’
484 3458 504 3511 h
524 3457 619 3512 deesse
641 3454 726 3511 solita
749 3463 817 3512 nota
840 3458 981 3515 indicatur
1046 3471 1100 3522 404

32 3574 34 3579 .
87 3529 256 3599 ‘praecibus’
315 3535 366 3584 405
383 3527 497 3598 ‘prima'
513 3547 541 3582 m
561 3543 671 3583 erasum
