2422 3976
413 185 449 239 11.
475 185 524 238 ou
542 185 770 241 raouonrnn.
1039 187 1099 252 125
1178 255 1180 258 ,

164 337 225 403 Est
253 358 445 422 pronomen,
474 337 513 401 de
542 359 606 421 quo
635 338 792 402 dubitatio
814 359 932 422 magna
953 337 1099 421 habetur,

80 426 189 488 utrum
231 423 360 486 finitum
402 444 444 485 an
480 422 644 486 infinitum
680 424 723 486 sit
758 426 795 486 ut
829 425 895 488 tate.
951 423 1100 487 nonnulli

79 509 200 572 etenim
231 508 396 571 infinitum
431 528 499 571 esse
532 528 603 570 cum
632 506 773 590 quadam
800 507 997 572 diffensionis
1026 529 1100 572 suae

79 593 270 657 auctoritate
303 591 475 656 hortantur
507 594 544 655 ut
575 611 628 672 ego
660 593 734 671 r’atc,
768 597 803 656 ta
835 594 906 672 iste,
941 593 993 657 ille
1024 595 1100 671 ista·

79 676 165 761 quod
196 680 305 740 tamen
336 676 372 739 in
398 676 517 740 nostris
544 674 735 739 lectionibus
762 697 828 739 non
855 682 924 740 tam
952 680 1099 759 prompte
1126 696 1139 736 a

78 782 140 825 nec
175 766 286 844 parate
315 760 350 824 in
378 782 438 825 usu
471 760 616 823 habitum
644 761 851 843 repperimus,
885 783 951 825 uno
981 762 1101 824 etenim

79 845 304 909 tantummodo
331 845 366 907 in
395 844 465 908 loco
487 844 549 907 hoc
577 844 657 928 legi,
687 865 759 907 cum
782 842 876 909 Cato
904 845 1020 908 dixerit
1047 866 1100 928 epo

79 933 138 995 istc
175 931 231 1010 qai
267 931 385 994 locatim
420 949 506 1006 sum,
546 929 631 1011 quod
669 934 777 992 utrum
813 935 898 992 recte
935 952 976 993 an
1011 950 1100 993 secus

78 1015 238 1097 posuerit,
276 1035 343 1077 non
372 1015 420 1076 est
448 1013 557 1076 iudicii
585 1014 648 1076 mei
676 1013 845 1078 decernere
873 1017 931 1077 aut
957 1014 1100 1092 definire,

80 1119 154 1162 cum
186 1104 253 1160 tam
285 1097 389 1160 multa
421 1097 464 1160 sit
496 1105 528 1161 et
561 1097 690 1181 copiosa
718 1097 888 1162 latinitatis
918 1099 1018 1162 totius
1046 1120 1101 1162 re·
1115 1119 1140 1158 ιο

81 1184 135 1267 gio
169 1185 202 1245 et
236 1184 273 1245 ut
301 1182 361 1245 ita
376 1182 481 1245 dicam
510 1181 646 1265 pelagus
674 1184 868 1261 inmensum,
898 1186 934 1246 ut
963 1183 1102 1247 discerni

82 1267 215 1330 omnino
245 1266 447 1330 diuersitates
476 1267 576 1348 ipsius
605 1271 638 1330 et
665 1288 769 1330 nouae
799 1266 1044 1331 adinuentiones
1071 1272 1103 1331 et

81 1351 285 1434 incognitae,
329 1353 367 1414 ut
407 1353 580 1434 putantur,
626 1373 645 1415 a
687 1352 816 1415 nemine
860 1350 898 1414 ad
944 1352 1102 1435 liquidum

81 1436 214 1518 possint
964 1488 971 1499 ‚

168 1517 253 1584 Sunt
273 1519 329 1602 qui
348 1521 466 1602 putant
480 1540 660 1601 pronomen
676 1521 777 1584 aliam
791 1521 979 1604 genetiuum
994 1541 1102 1583 casum
1116 1540 1141 1578 15

82 1603 203 1667 habere
209 1653 218 1686 ,
242 1603 340 1687 quod¹
350 1604 495 1686 putatiue
518 1604 625 1687 potius
648 1625 745 1687 quam
759 1604 995 1669 rationabiliter
1012 1625 1100 1667 usur-

82 1692 194 1773 patum
218 1687 411 1752 credendum
433 1693 491 1752 est
529 1689 679 1751 nonnulli
702 1688 787 1752 enim
809 1690 856 1752 ita
877 1688 1103 1752 declinandum

85 1776 198 1837 rentur
219 1773 283 1836 hoc
305 1792 500 1856 pronomen:
523 1774 608 1838 alias
629 1775 714 1837 alius
735 1774 790 1837 ali.
826 1773 919 1835 multi
944 1774 1038 1835 etiam
1057 1775 1103 1835 ita

84 1857 263 1922 declinant:
304 1857 388 1922 alius
418 1858 466 1921 all
499 1858 572 1922 ulio.
621 1856 772 1921 nonnulli
804 1857 1102 1920 commentabantur

83 1943 170 2007 clius
191 1943 253 2006 ulis
274 1941 342 2004 siue
364 1942 490 2006 alicam.
528 1942 583 2006 sed
605 1942 685 2005 haec
707 1941 816 2005 omnia
838 1963 878 2005 ex
901 1941 992 2005 nulla
1014 1944 1103 2004 certa
1116 1961 1141 2000 ao

83 2027 276 2090 auctoritate
291 2029 444 2109 poterunt
458 2025 644 2108 adprobari:
660 2047 763 2108 neque
779 2026 865 2089 enim
879 2024 1104 2104 Ciceronis,

84 2109 1104 2195 Donis,0atonis,UirgiliAssianiautilliusTroiani

86 2197 143 2259 aut
169 2194 374 2279 Galbungi
401 2194 453 2258 uel
475 2194 662 2259 Terrenti
684 2205 740 2258 aut
761 2195 894 2260 alicuius
917 2197 1104 2277 ceterorum,

83 2279 139 2363 qui
154 2279 193 2342 de
211 2279 332 2343 artibus
348 2281 449 2344 multa
469 2301 566 2362 opera
585 2281 732 2344 fecerunt
756 2284 883 2363 compte
903 2283 937 2344 et
958 2279 1103 2362 pulcher-

83 2365 164 2428 rime
186 2365 398 2447 scripserunt,
427 2364 512 2427 dicta
535 2364 720 2447 depromere
743 2364 783 2428 ad
804 2364 994 2428 firmandum
1016 2363 1103 2428 hunc
1117 2383 1143 2422 2⁵

86 2468 212 2512 cassum
244 2449 407 2518 nalebunt
445 2449 483 2512 de
515 2447 579 2513 hoc
612 2469 689 2533 ergo
722 2450 915 2532 pronomine
941 2449 1005 2512 ista
1034 2469 1104 2511 sen-

83 2533 188 2596 tentia
220 2533 378 2596 seruanda
405 2536 469 2614 est,
502 2533 587 2617 quod
618 2534 803 2618 genetiuum
834 2555 958 2598 cassum
985 2532 1105 2596 habere

84 2638 153 2680 non
175 2619 291 2699 potest.

172 2701 255 2765 Sunt
281 2701 476 2784 pronomina
502 2703 541 2765 de
569 2702 684 2785 quibus
706 2703 880 2786 ambigitur
902 2707 1009 2766 utrum
1031 2722 1105 2785 pro-

86 2785 221 2850 nomina
248 2807 289 2848 an
317 2785 468 2850 aduerbia
488 2785 636 2868 intellegi
658 2786 796 2850 debeant
817 2791 854 2850 ut
875 2807 977 2851 eccum
999 2788 1101 2851 ellum.
1116 2788 1143 2843 ⁸0

86 2874 164 2934 sunt
186 2871 378 2952 pronomina
405 2870 521 2954 quibus
545 2871 717 2934 declinatio
740 2871 924 2935 affectatiua
944 2870 996 2934 uel
1020 2892 1105 2934 com-

87 2955 249 3018 mutatiua
270 2957 424 3019 asseritur
444 2960 481 3019 ut
502 2957 594 3021 cuias
608 2958 660 3020 cui
674 2957 752 3020 caio.
788 2957 853 3019 scio
876 2960 909 3019 et
931 2958 1003 3020 cuia
1019 2957 1106 3018 cuiae

87 3041 121 3102 et
142 3040 250 3104 cadam
271 3042 332 3105 cci.
370 3040 424 3104 sed
446 3040 526 3104 haec
549 3040 722 3104 declinatio
741 3062 808 3105 non
824 3040 865 3104 ad
881 3040 1106 3104 auctoritatem

153 3280 171 3329 4
190 3276 321 3328 artantur
337 3275 371 3330 N
385 3276 395 3343 l
413 3283 429 3329 ὁ
446 3275 556 3342 promte
575 3279 607 3330 N
623 3277 660 3344 116
678 3276 813 3329 habetum
830 3274 928 3341 Ν1110
945 3273 1029 3342 negio
1047 3273 1078 3327 N
1091 3275 1104 3342 ΙΙ

86 3350 118 3398 11
131 3342 254 3413 pylagus
273 3341 308 3396 N
315 3343 325 3409 l
340 3348 371 3396 12
383 3343 458 3396 nolle
470 3342 508 3408 N,
527 3343 634 3397 multae
653 3344 717 3397 Mai
729 3344 739 3411 ΙΙ
754 3350 785 3396 15
823 3341 1037 3396 ronominalrum
1051 3342 1081 3395 N
1092 3343 1104 3410 ll

34 3440 37 3445 *
86 3416 119 3466 19
135 3427 195 3465 non
213 3410 270 3465 alio
287 3409 359 3463 nulli
377 3410 411 3464 N
424 3425 492 3468 corr
510 3410 576 3464 Mai
593 3412 647 3479 1121
665 3411 776 3465 troeani
793 3360 824 3463 N
841 3425 909 3464 corr.
927 3409 991 3463 Mai
1003 3411 1013 3478 l
1026 3417 1059 3464 24
1077 3413 1107 3465 et

85 3479 123 3533 ad
141 3478 177 3533 N
185 3481 194 3547 l
208 3484 239 3533 31
259 3479 467 3533 commutatrtra
481 3477 521 3531 N.
