2354 3946
121 191 162 257 ‘16
352 188 507 245 Vlccltn
525 187 689 244 MARONIS
707 185 905 242 ΕΡΙΤΟΜΔΕ.

428 376 511 462 (12.)
535 375 583 439 Dc
598 375 835 440 interiectione.

206 512 471 577 Interiectionum
494 510 689 595 significatio
713 512 745 575 et
766 508 841 593 quia
861 509 941 573 tn'ta
956 513 1006 574 cst
1021 514 1054 574 et
1068 512 1134 596 quia

145 619 205 662 ene
227 618 424 681 superuacua
445 600 542 680 atque
563 596 728 660 incondita
749 616 768 658 a
786 593 907 658 nostris
928 594 1069 660 iudicata
1083 601 1135 677 est,

121 620 183 747 icc
209 685 337 746 tantum
366 682 451 761 dico,
479 681 554 764 quia
579 701 641 746 aas
670 684 702 744 ct
728 699 825 763 cupae
852 699 925 743 oum
954 679 1136 764 significant

122 765 272 845 aduersa,
309 767 490 850 diptongon
523 766 558 829 in
594 764 738 829 clausula
774 764 823 828 sui
856 761 1039 849 habebunt,
1073 787 1136 831 oum

96 855 231 917 sautem
251 873 291 917 uc
312 855 438 916 tantum
461 851 634 935 distinguit
661 852 693 913 et
715 869 789 930 eope
808 848 968 912 laetitiam
990 851 1136 931 ostendit,

123 937 305 1021 diptongon
327 936 445 1000 habero
468 956 535 999 non
558 938 607 998 cst
627 933 853 998 necessarium.
1072 961 1078 969 ·

215 1135 336 1222 (XIII.)
370 1135 428 1200 DE
451 1133 810 1239 SCINDERATIONE
833 1133 1059 1237 FONORUM.

207 1288 334 1352 Primus
351 1289 503 1352 Aeneas
527 1291 605 1372 aput
626 1308 684 1353 nos
707 1287 786 1352 fona
804 1287 952 1352 scindere
974 1293 1138 1354 consuetus

122 1377 199 1439 crat.
237 1373 319 1457 quod
343 1393 415 1436 cum
437 1373 477 1436 ab
500 1393 537 1436 eo
561 1373 808 1456 diligentissime
822 1377 1068 1458 percunctarer,
1090 1395 1140 1438 cur

121 1458 183 1522 hoo
209 1457 345 1539 faceret,
379 1478 397 1520 ο
428 1457 489 1538 fili,
520 1457 642 1540 inquit,
677 1457 718 1521 ob
747 1460 813 1521 tres
841 1478 952 1522 causas
979 1457 1062 1523 fona
1086 1459 1140 1522 fin-

84 1569 110 1608 10
123 1543 259 1607 duntur:
275 1542 380 1625 prima
394 1545 459 1621 est,
475 1545 512 1604 ut
527 1542 737 1625 sagacitatem
753 1541 943 1605 discentium
958 1549 1140 1608 nostrorum

121 1628 157 1692 in
179 1627 380 1713 inquirendis
402 1631 497 1710 atque
519 1626 721 1690 inueniendis
744 1625 812 1709 his,
840 1647 985 1710 quaeque
1009 1627 1141 1694 obscura

122 1717 212 1792 sunt,
237 1713 458 1796 adprobemus.
495 1712 635 1776 secunda
657 1714 706 1774 est
725 1714 857 1794 propter
872 1710 1024 1776 decorem
1038 1713 1141 1778 aedili-

123 1799 346 1882 cationemque
374 1796 586 1881 eloquentiae.
629 1797 726 1861 tertia
753 1816 795 1859 ns
823 1795 960 1879 mystica
989 1818 1141 1882 quaeque,

124 1883 156 1947 'et
184 1904 266 1968 quae
294 1883 370 1947 solis
397 1882 509 1966 gnaris
531 1881 631 1966 pandi
653 1880 785 1960 debent,
817 1881 939 1963 passim
962 1881 1004 1945 ab
1027 1882 1166 1947 infimis.

85 1991 110 2032 15
124 1989 161 2032 ac
190 1968 299 2032 stultis
327 1967 423 2032 facilc
451 1967 688 2051 repperiantur,
716 1987 757 2028 nc
780 1965 954 2029 secundum
976 1968 1141 2052 antiquum

123 2074 195 2116 sues
210 2074 354 2136 gemmas
369 2053 508 2115 calcent:
530 2051 651 2114 etenim
665 2049 713 2114 illi
729 2049 901 2115 didicerint
914 2049 1000 2115 hanc
1016 2056 1142 2132 sectam,

123 2157 189 2199 non
212 2136 315 2199 solum
339 2136 504 2218 magistris
527 2134 608 2198 nihil
631 2136 730 2218 agent
744 2134 891 2218 pietatis,
913 2133 997 2198 nihil
1014 2136 1142 2202 honoris

123 2220 361 2282 reuerentiaeuc
384 2218 579 2301 inpendent,
606 2240 719 2283 uerum
742 2219 840 2282 ctiam
862 2240 1035 2303 porcorum
1057 2240 1143 2286 more

125 2305 290 2367 ornatores
313 2323 384 2367 suos
413 2302 592 2367 laniabunt.
631 2303 876 2368 scinderationis
898 2307 1007 2368 autem
1030 2305 1143 2390 triplex

191 2545 215 2592 3.
229 2537 264 2602 cf.
279 2536 363 2593 orem.
376 2553 432 2592 eac.
446 2536 467 2603 f.
480 2539 541 2592 531’:
564 2537 645 2592 Aliae
657 2538 732 2592 inter
744 2539 956 2594 coniunctiones
969 2542 999 2594 et
1015 2532 1145 2596 interiec-

122 2606 214 2659 tiones
232 2605 329 2667 utve,
348 2605 398 2659 sed
416 2605 528 2672 quando
547 2606 707 2660 coniunctio
726 2607 846 2660 estnon
866 2607 955 2662 habet
976 2607 1144 2679 diptongon,

122 2672 236 2741 quando
255 2688 323 2727 vero
341 2673 500 2728 interiectio
520 2674 563 2728 est
579 2673 753 2741 producitur.

191 2892 238 2946 nn
248 2891 533 2946 rursnrscrroan
542 2893 595 2961 nu
609 2898 624 2946 a
636 2910 726 2960 poene
739 2895 793 2963 nu
805 2910 979 2962 supervacua
989 2897 1028 2964 (a,
1037 2897 1145 2964 sara.)

122 2997 175 3066 Νιι
189 3003 203 3051 a
216 2996 238 3050 u
260 2973 377 3061 assetus
393 2994 427 3049 Ν
441 2996 479 3063 ur
497 2995 527 3047 ss
547 2962 613 3048 huon
635 3010 671 3048 on
697 2997 732 3050 N
750 2997 797 3066 pa
824 2995 910 3050 saun
932 2995 974 3047 ua
1013 3028 1045 3037 -
1067 2997 1090 3050 a
1111 3013 1145 3051 ea

124 3065 164 3132 at)
187 3065 221 3118 N
239 3013 286 3134 Ιῗθ
301 3064 485 3144 Ι(ἰὶρὶιΐ;οῐιςοιι
589 3011 689 3117 ditur
714 3065 749 3118 N
762 3066 772 3133 ΙΙ
790 3012 930 3119 {ampli
954 2998 1145 3142 SEEUNDUS

74 3174 76 3181 .
124 3132 363 3186 E¹sccnderatione
389 3131 520 3185 tonorum
603 3132 639 3198 cf.
659 3134 751 3200 praet.
769 3134 813 3202 119
835 3132 942 3187 faceret
960 3135 1001 3185 a1t
1017 3131 1053 3186 N
1067 3133 1077 3201 fl
1094 3131 1146 3185 fin·

124 3213 202 3306 ditur
218 3251 252 3304 N
261 3252 271 3321 ΙΙ
286 3256 317 3306 lo
335 3202 493 3322 sagatitate
512 3252 551 3319 (a,
568 3266 602 3305 ea
620 3255 647 3317 c)
666 3251 700 3306 N
709 3252 719 3320 l
734 3258 764 3305 11
784 3252 925 3319 quaeque]
939 3265 1028 3318 quoq:
1045 3250 1082 3306 N
1090 3252 1100 3320 l
1115 3256 1146 3305 12

41 3382 43 3392 .
123 3353 206 3432 sauss
223 3354 257 3407 N
261 3354 322 3473 prs
340 3354 451 3490 fsorpp
460 3331 587 3421 snuqlm
598 3353 672 3431 foca
691 3353 830 3408 canticum
843 3349 853 3414 l
866 3353 901 3425 ¹9
911 3349 1030 3422 etenim]
1043 3352 1068 3406 si
1079 3353 1146 3432 aas.

123 3419 382 3542 pgapsspagarppnprt
465 3429 497 3476 17
514 3436 619 3486 magns
631 3421 684 3490 Nu
698 3426 729 3475 18
748 3415 907 3473 reverentla
921 3415 956 3467 N
970 3433 1041 3477 corr.
1055 3420 1120 3474 Mos
1130 3421 1144 3490 ll
