2422 3976
94 189 159 243 XIV
493 186 708 243 PRAEFATIO.

95 392 192 448 neque
224 373 353 434 editores
384 375 542 434 auctorum
571 373 691 433 infimae
718 373 829 436 aetatis
856 373 966 433 bacin
992 392 1025 431 re
1050 374 1108 433 sibi

95 463 267 521 constantes
301 463 453 523 vidissem.
517 463 610 521 Nolui
645 465 749 524 tamen
787 463 971 522 differentias
1009 464 1109 522 ortho-

94 551 267 627 graphicas,
297 569 372 627 quas
399 552 438 611 ad
466 553 549 626 leges
579 552 832 626 pronuntiationis
865 554 932 610 tum
965 552 1108 627 temporis

93 639 228 715 vulgaris
243 639 441 699 enucleandas
455 640 618 715 plurimum
633 641 734 701 valere
748 641 964 716 intellegerem,
983 639 1104 698 omnino

92 727 334 802 praetermittere
353 732 384 788 et
402 731 581 804 apparatum
599 729 735 788 criticum
758 728 847 787 nimis
867 747 992 787 onerare
1015 730 1105 787 rebus

92 817 139 875 hie
162 817 325 876 levioribus
353 820 388 876 ut
414 816 517 875 multis
539 816 731 877 videbuntur.
776 818 882 893 Itaque
911 817 943 875 in
966 821 1107 875 textum

94 905 194 981 recepi
224 905 368 965 lectiones
399 906 449 965 vel
470 904 599 963 maxime
627 906 788 966 inusitatas
816 905 944 979 veritus,
971 924 1009 964 ne
1037 925 1109 981 pro-

95 993 276 1069 prietatibus
301 994 467 1069 scripturae
490 994 617 1052 detersis
647 995 754 1054 studiis
777 993 982 1070 grammaticis
1010 994 1108 1070 magis

94 1081 244 1140 officerem
271 1101 361 1157 quam
393 1081 576 1157 proficerem
626 1083 727 1158 Atque
754 1083 985 1142 consonantibus
1013 1083 1107 1158 gemi-

93 1162 205 1249 natis¹)
229 1171 360 1228 multum
382 1169 494 1230 indulsi
520 1170 606 1230 libris
629 1171 662 1229 in
688 1170 735 1230 his
760 1190 849 1247 saepe
873 1171 1108 1246 concinentibus,

95 1258 245 1318 vocalium
259 1277 331 1318 vero
344 1258 539 1318 instabilitati
552 1278 612 1318 non
627 1260 752 1319 eandem
764 1260 856 1319 fidem
873 1260 978 1336 habui,
1002 1279 1107 1335 quam-

96 1366 185 1423 quam
210 1346 302 1405 etiam
319 1348 373 1406 has
393 1348 431 1406 ab
451 1367 508 1406 usu
526 1347 647 1420 vulgari
670 1348 874 1423 discrepantes
894 1348 1106 1423 deprehendes

94 1435 162 1494 Tali
193 1436 281 1495 modo
313 1455 361 1494 me
393 1454 453 1495 non
483 1437 547 1494 tam
580 1437 710 1496 auctoris
738 1452 829 1514 quam
855 1438 1048 1496 librariorum
1076 1441 1108 1497 et

94 1523 224 1584 Parisini
260 1526 292 1582 et
321 1523 513 1600 Neapolitani
546 1525 694 1584 scribendi
730 1526 877 1584 rationem
914 1525 1124 1602 descripsisse,

95 1613 160 1689 ipse
184 1612 323 1672 concedo:
352 1612 431 1688 quod
455 1612 594 1672 similiter
616 1614 774 1689 plerosque
797 1615 953 1673 auctorum
976 1614 1107 1673 editores

93 1705 124 1761 ot
142 1695 241 1760 facere
268 1702 299 1760 et
321 1702 439 1774 fecisse,
467 1703 603 1777 quamvis
632 1702 771 1762 sibinen
794 1703 1012 1777 persuaserint,
1036 1705 1104 1778 quis

94 1791 142 1850 est
166 1790 217 1866 qui
239 1789 351 1866 neget?
389 1789 529 1849 Ceterum
553 1791 786 1867 orthographiae
809 1809 944 1868 normae,
972 1810 1046 1867 quas
1074 1793 1108 1851 in

92 1878 177 1937 libris
214 1879 280 1938 aevi
316 1878 514 1955 Merovingici
546 1882 578 1937 et
612 1878 744 1939 Carolini
782 1878 903 1939 edendis
937 1898 1106 1956 sequamur,

91 1966 223 2027 nondum
247 1967 320 2026 satis
344 1966 516 2044 exploratae
540 1973 605 2027 esse
628 1968 702 2026 mihi
725 1968 847 2044 quidem
868 1969 1016 2027 ridentur.

182 2054 318 2131 Denique
337 2055 363 2114 si
381 2055 542 2114 editionem
560 2055 598 2117 A.
616 2056 677 2115 Mai
700 2057 736 2114 de
755 2056 884 2132 Virgilio
907 2057 1106 2134 grammatico

94 2144 224 2202 multum
241 2143 343 2202 meriti
362 2162 428 2202 cum
447 2144 504 2202 hac
516 2147 622 2203 nostra
635 2143 836 2222 contenderis,
860 2147 933 2222 quot
948 2147 979 2204 et
993 2149 1107 2221 quanta

92 2232 314 2292 emendaverim
327 2233 376 2292 vel
390 2232 547 2291 emendare
561 2233 707 2293 voluerim
727 2251 901 2309 cognosces,
924 2252 1107 2310 quamquam

94 2339 154 2380 non
173 2338 270 2395 pauca
288 2323 464 2398 supersunt,
487 2339 564 2396 quae
587 2321 787 2381 emendatoris
806 2322 917 2382 auxilio
940 2323 1106 2398 indigeant,

92 2412 128 2467 ut
150 2409 206 2467 hac
229 2409 360 2468 editione
383 2409 506 2485 Virgilii
528 2411 718 2487 grammatici
748 2410 881 2470 studium
904 2412 1000 2489 magis
1024 2412 1106 2471 inco-

91 2497 199 2556 hatum
222 2497 262 2557 sit
287 2516 378 2573 quam
400 2497 439 2557 ad
457 2497 545 2557 finem
563 2499 749 2574 perductum.
786 2498 868 2568 Quae
888 2518 955 2559 cum
972 2501 1017 2559 ita
1036 2501 1107 2578 sint,

91 2586 203 2646 multos
212 2603 261 2644 me
272 2604 336 2645 esse
351 2586 526 2645 habiturum
535 2588 750 2663 emendatores,
765 2589 978 2664 castigatorem
987 2590 1107 2648 nullum

92 2674 190 2734 animo
213 2673 300 2734 firmo
324 2693 445 2751 sperare
466 2675 570 2736 audeo.

180 2763 337 2822 Postremo
352 2764 449 2823 restat
462 2766 497 2821 ut
515 2764 629 2839 gratias
649 2781 739 2840 agam
756 2765 902 2824 maximas
916 2765 988 2824 viris
1007 2765 1105 2826 doctis

92 2868 165 2928 quos
188 2851 280 2910 libros
304 2852 522 2927 manuscriptos
545 2854 577 2912 in
595 2872 696 2911 meum
713 2871 803 2911 usum
825 2849 875 2913 vel
898 2872 1037 2913 exarasse
1055 2856 1107 2914 vel

164 3057 190 3124 1)
211 3055 282 3110 Vide
300 3055 397 3125 qualia
414 3057 512 3110 auctor
530 3055 592 3126 ipse
609 3055 786 3128 praeceperit
800 3075 828 3127 p.
843 3063 885 3125 11,
901 3063 935 3112 13
954 3058 1104 3114 Sciendum

90 3143 157 3181 sane
174 3128 247 3196 pacet
264 3128 425 3198 abicumque
444 3128 561 3182 vocalem
574 3129 722 3196 quamlibet
740 3130 772 3182 ia
786 3129 876 3183 mertia
894 3133 954 3184 orte
970 3131 1105 3198 poscitum

90 3215 104 3253 a
122 3198 266 3267 duplicato
283 3205 376 3253 cecato
392 3200 492 3266 suerit,
512 3200 623 3254 eandem
640 3200 759 3254 vocalem
777 3201 955 3268 corripiemus
972 3205 1005 3254 at
1021 3217 1106 3257 cosso

90 3270 167 3336 sessa
185 3270 281 3324 eluerit
298 3271 377 3324 eiecit
394 3269 489 3334 cessit,
507 3274 537 3322 ot
555 3271 581 3323 ai
598 3287 685 3324 caca
702 3271 806 3325 coeatis
815 3273 985 3339 producetur
998 3276 1030 3326 at
1047 3273 1104 3342 glo·

89 3340 181 3395 riores
198 3341 280 3395 cisae.
297 3372 329 3380 -
349 3358 377 3409 p.
394 3345 453 3408 162,
468 3346 484 3394 6
503 3340 568 3395 Hac
586 3342 619 3396 de
637 3357 722 3396 coma
740 3343 772 3397 io
785 3343 926 3411 plerisque
944 3343 1039 3398 literae
1052 3344 1104 3402 da

85 3411 231 3536 pllle’cantm
249 3415 428 3536 ergasomaotea
441 3415 473 3466 ot
487 3412 582 3466 cellam
595 3429 647 3481 pro
661 3414 746 3469 ectum
760 3419 785 3468 et
802 3414 893 3468 sellim
908 3429 962 3483 pro
980 3415 1060 3470 celim
1079 3420 1105 3470 et

90 3498 106 3536 o
127 3499 165 3536 im
181 3498 234 3552 pro
252 3499 327 3537 orm.
