2354 3946
392 214 439 270 In
467 214 555 270 VITA
577 215 604 271 S.
625 213 779 271 GISLENL

83 376 181 441 Ducit
204 399 238 442 se
260 377 370 462 nihili,
394 382 530 461 (1000105
553 379 582 442 si
603 399 725 464 magna
747 377 859 444 videri.

83 468 129 530 At
153 465 243 531 deico
266 469 349 531 nutu
372 467 462 531 venti
485 472 685 552 cogenteque
708 468 806 551 pulsu

10 573 64 626 580
82 554 160 637 Ipsa
183 554 298 619 domus
322 575 477 638 magnam
500 555 610 620 subito
633 577 788 640 perpessa
811 557 939 620 ruinam

82 643 267 708 Hildulfum
289 643 412 708 tutudit
434 666 581 709 maerore
605 644 762 729 gravique
785 644 923 709 traiecit.

81 731 218 796 Praesul
241 732 386 797 iustitiae
410 755 506 816 quem
529 732 696 797 blanditur
720 754 816 817 super
838 733 928 797 hisee
1016 759 1024 766 ’

82 820 176 886 Ηο00
199 821 358 885 1101011001
381 821 508 886 0001001
532 822 640 886 1111000
664 823 838 905 quaesisse,
860 843 921 887 nec
944 821 1067 904 aulam,

81 910 176 975 Velle
199 931 257 973 nec
282 912 447 994 ornatum,
470 910 721 995 contempsisset
744 910 819 994 quia
842 911 1007 975 mundum.

10 1018 62 1070 585
82 998 143 1062 His
167 999 311 1062 monitus
336 997 440 1082 dictis,
464 999 572 1063 meriti
596 1020 723 1083 quoque
746 1000 986 1084 praerogativis

80 1086 158 1151 Mox
176 1086 392 1151 Vualdetrudi
415 1087 531 1151 cellam
557 1087 655 1151 struit
678 1087 789 1150 ordine
812 1088 881 1152 voti

81 1175 165 1239 Iuris
189 1175 360 1258 apostolici
383 1175 481 1239 titulo
506 1197 620 1240 curans
645 1175 785 1240 stabiliri

80 1264 251 1348 Relliquiis
275 1263 364 1328 Petri
387 1265 524 1347 claram,
547 1263 673 1329 meritis
697 1286 826 1349 quoque
850 1265 958 1351 Pauli,

83 1351 160 1428 Quis
185 1352 320 1417 ducibus
344 1353 452 1416 zabuli
474 1356 602 1417 temnat
626 1353 796 1417 molimina
819 1352 882 1417 diri

10 1462 63 1512 590
82 1441 197 1526 Adque
220 1441 317 1506 decus
340 1441 428 1506 vitae
451 1445 605 1526 properet
627 1463 685 1525 1101
708 1444 857 1525 tempora
881 1464 1036 1526 quaeque.

81 1530 143 1594 His
167 1529 301 1594 ducibus
324 1529 460 1615 regitur,
484 1527 653 1594 Christum
677 1529 859 1613 quicunque
881 1530 1013 1615 fatetur,
1039 1541 1042 1546 ’

81 1617 148 1684 Ceu
170 1619 311 1702 populus
336 1618 499 1703 quondam
523 1618 604 1683 lucis
629 1617 812 1683 comitando
837 1619 1020 1684 columnam

81 1706 121 1771 Se
145 1707 251 1792 Moysi
273 1711 390 1772 nutum
414 1707 534 1791 gaudet
558 1706 755 1772 cumfratre
779 1710 939 1789 secutum,

80 1795 215 1860 Terram
239 1796 387 1860 laetitiae
410 1797 542 1861 tandem
565 1817 629 1880 quo
652 1795 759 1878 possit
782 1795 880 1859 adire.

10 1903 60 1955 505
79 1884 141 1949 Η10
165 1889 201 1948 05
223 1885 407 1969 postmissis
430 1885 531 1970 figam
553 1883 695 1969 vestigia
718 1883 850 1968 coeptis.

81 1972 166 2038 Hinc
189 1972 422 2037 Vualdetrudis
447 1973 577 2038 subiens
602 1971 766 2038 domicilia
788 1973 878 2055 pacis

79 2061 233 2126 Praesule
258 2061 389 2126 Gisleno
412 2062 569 2146 fautuque
592 2061 722 2126 favente
746 2083 885 2144 superno

80 2151 209 2236 Agmen
232 2150 415 2234 virgineum
439 2150 546 2214 iunxit
569 2151 632 2216 sibi
656 2150 761 2213 laudis
786 2149 828 2214 ad
851 2171 954 2213 usum.

79 2238 164 2304 Hinc
186 2239 271 2322 petit
293 2238 505 2320 Autbertum‚
529 2237 696 2304 Cameraci
718 2238 947 2323 pontificatum

10 2348 62 2399 500
82 2326 164 2393 Cum
186 2327 263 2391 fidei
285 2349 401 2392 norma
423 2328 507 2392 rexit
530 2328 586 2411 qui
609 2348 688 2411 pace
712 2328 866 2413 secunda,

80 2416 187 2498 Ipsius
212 2420 244 2479 et
267 2415 361 2480 donis
385 2416 528 2501 suscepit
551 2416 647 2502 signa
669 2416 813 2501 pudoris,

80 2504 175 2569 Unde
199 2504 258 2568 deo
282 2506 387 2570 virtus
412 2509 446 2569 05
467 2504 619 2569 iubilatio
642 2526 768 2588 perpes.

115 2661 194 2727 Quod
213 2660 293 2729 virgo
311 2661 485 2731 Aldegundis
504 2659 599 2730 gratia
617 2658 816 2714 consolationis
836 2676 958 2714 sororem
978 2677 1057 2715 suam

407 2731 631 2787 Vualdetrudem
649 2728 758 2784 adierit.

78 2840 181 2905 Fama
203 2841 295 2904 volat
318 2843 422 2903 terrae
445 2840 648 2923 perlustrans
673 2838 817 2922 compita
841 2859 994 2921 quaeque,

79 2928 173 3004 Quod
196 2928 428 2993 Vualdetrudis
451 2927 617 3011 sponsalia
638 2926 770 2992 vincula
794 2947 949 3010 spernens

151 3091 202 3141 579
225 3085 288 3138 ‘At’
309 3088 323 3139 t
344 3083 374 3138 in
396 3100 495 3138 rasura
566 3089 617 3138 581
639 3082 770 3138 ‘merore'
799 3080 946 3151 ‘gravique
968 3082 1091 3136 traiecit’

77 3158 265 3226 interpolator
279 3154 445 3209 1005011510
461 3155 553 3226 ‘gravi
566 3170 678 3224 11001100
692 3151 788 3208 seidit’
834 3157 886 3207 586
901 3153 1091 3207 ‘uuldedrudi’

79 3233 132 3284 588
148 3227 308 3296 ‘Rolliquis’
325 3226 445 3280 alterum
462 3227 474 3280 i
492 3241 627 3294 superscr.
682 3229 734 3279 589
752 3224 902 3292 ‘tempnct’
954 3223 1093 3293 5911101-

79 3299 211 3368 cumque'
268 3303 320 3352 592
343 3297 545 3366 ‘columpnam’
606 3301 658 3351 595
680 3296 722 3350 ‘at
744 3292 914 3365 postmissis’
938 3293 1094 3350 recentiore

78 3387 164 3425 manu
178 3369 318 3424 mutatum
337 3366 368 3422 in
384 3368 507 3437 ‘quoque
519 3367 702 3436 posthabitis’
720 3364 851 3435 ‘caeptis'
899 3371 951 3420 596
965 3365 1094 3420 ‘uualde-

79 3441 188 3496 drudis’
211 3439 364 3494 -titulus
387 3438 544 3494 recentiore
566 3454 653 3492 01010
674 3437 756 3491 unius
778 3453 873 3491 versus
895 3436 986 3506 spatio
1009 3436 1094 3491 inter-

77 3513 166 3568 misso
189 3511 324 3577 insertus,
351 3526 455 3564 nomen
476 3507 677 3564 Vualdetrudis
700 3523 751 3577 per
774 3508 972 3577 compendium
997 3506 1044 3551 ‘f
1083 3507 1092 3528 ⁹

78 3583 216 3653 scriptum
271 3586 323 3636 603
344 3580 496 3650 ‘competa’
553 3584 607 3635 504
626 3578 831 3641 ‘uuldcdrudis'
