2354 3946
115 220 176 285 150
339 215 493 272 VIRGILII
509 213 674 271 MARONIS
692 213 901 270 EPISTOLAE.

113 372 211 436 habes
241 392 313 436 ecce
342 370 377 434 in
405 369 518 453 primis
547 368 734 451 qualitatem
763 367 853 432 uerbi
881 388 940 451 per
967 367 1083 433 modos
1107 375 1142 434 et

112 457 235 521 formas
250 455 281 519 X
303 455 425 538 species
447 453 633 518 habentem.
668 451 755 516 modi
771 451 928 534 siquidem
943 473 999 516 sex
1013 452 1140 518 haben-

112 548 168 606 tur
195 544 228 605 et
255 541 377 605 formae
426 541 564 603 uattuor.
600 536 698 600 habes
720 539 846 601 ternam
870 536 965 601 coniu
1008 538 1136 602 tionem

114 626 310 710 quinamque
317 624 401 709 sign'
427 623 598 689 cationum.
613 621 969 704 hicoctospeciesconc
984 621 1137 687 uduntur.

88 731 172 794 aper
194 709 353 793 duplicem
376 712 484 773 autem
506 707 643 792 figuram
666 708 698 770 et
721 705 847 770 dualem
869 727 1042 770 numerum
1057 706 1139 772 haee

113 797 277 879 <summa>
299 793 508 878 suprascripti
532 793 746 857 consumatur.

198 877 318 943 Uerum
341 899 440 961 quaro
461 881 587 960 tempus
609 875 695 959 quod
715 878 843 939 ternum
865 878 915 938 est
941 878 975 939 et
996 896 1139 957 persona

113 984 196 1046 quae
212 984 310 1046 aeque
325 966 419 1027 terna
435 982 503 1025 esse
517 959 800 1041 animaduertitur,
823 980 862 1022 ex
877 959 939 1023 hoc
955 960 1138 1042 excipiatur

112 1068 263 1128 numero,
292 1045 376 1111 forte
402 1045 593 1129 requiratur.
630 1043 795 1109 sciendum
816 1043 951 1127 proinde
974 1048 1024 1108 est
1047 1044 1135 1109 istoi-

75 1151 223 1195 iocorum
250 1130 336 1194 huno
365 1151 433 1195 esse
462 1150 600 1206 morem,
629 1132 666 1192 ut
687 1150 760 1193 cum
780 1133 894 1212 typum
918 1128 1062 1213 aliquem
1084 1130 1137 1193 uel

111 1235 281 1279 numerum
303 1215 511 1298 praetendere
533 1214 722 1296 uoluerunt,
746 1235 814 1278 non
835 1215 903 1277 tam
924 1216 1029 1278 totam
1054 1235 1136 1277 sum-

110 1320 182 1363 mae
214 1298 466 1382 plenitudinem,
505 1319 601 1382 quam
634 1297 719 1382 quod
759 1298 800 1361 ad
829 1300 942 1382 typum
973 1299 1137 1381 pertineat

111 1383 863 1551 itliltumptttttttr,Numida
883 1382 1138 1552 ittarta&

270 1517 279 1551 7

73 1575 99 1616 15
113 1556 308 1639 peruentans
324 1556 475 1636 quattuor
490 1556 618 1616 tantum
637 1552 765 1616 uocales
786 1552 897 1616 literas
917 1553 1135 1617 numerandas

113 1659 181 1701 esse
204 1639 365 1703 censebat.
403 1637 493 1702 cuius
514 1636 561 1701 rei
583 1636 741 1701 rationem
764 1657 836 1700 cum
858 1636 899 1700 ab
922 1657 959 1700 eo
976 1637 1136 1702 Aeneas

111 1743 202 1787 meus
223 1725 438 1806 perquireret,
460 1720 635 1805 tranquillo
657 1719 795 1784 reddidit
820 1719 987 1785 effamine:
1019 1724 1136 1788 scimus

112 1807 220 1890 inquit
240 1813 269 1873 et
289 1828 347 1874 uos
367 1809 493 1890 quidem
514 1809 653 1889 quiaque
674 1824 736 1870 esse
752 1805 890 1887 litterae,
914 1823 998 1886 qaue
1012 1807 1136 1873 nocctes

112 1892 276 1975 dicuutur,
298 1897 478 1960 cedrorum
499 1897 604 1957 tamea
624 1894 762 1956 ueterum
777 1893 952 1972 pareatum
969 1909 1038 1955 ocos
1054 1894 1135 1956 outi-

73 1999 99 2039 so
112 1978 224 2054 queris
245 1982 327 2060 erat,
351 1983 387 2042 at
406 1978 530 2042 audam
551 1995 718 2040 nummum
738 1974 854 2053 absque
875 1977 947 2057 typo
973 1994 1136 2041 measura-

111 2065 191 2124 reai.
220 2062 303 2126 uude
325 2063 403 2143 quia
425 2063 640 2142 quinqueuiris
661 2059 881 2142 supputatione
902 2059 1004 2125 stoico
1026 2080 1135 2125 aame-

111 2163 182 2207 rum
196 2145 304 2208 aulius
317 2144 494 2210 cardinalis
506 2145 707 2224 praecesserit
723 2147 829 2225 typus,
845 2147 996 2224 quattuor
1011 2148 1136 2210 tunium

110 2227 234 2291 uocales
255 2229 375 2292 litteras
394 2229 556 2294 subtracta
573 2227 627 2292 ·U·
639 2227 864 2310 principaliter
880 2233 1133 2294 admiscuerunt.

110 2308 163 2373 uel
190 2314 275 2374 certe
302 2311 344 2375 ob
371 2310 434 2376 hoo
463 2312 593 2395 quidam
614 2333 637 2376 u
658 2311 785 2375 literam
805 2311 893 2375 inter
914 2313 1046 2377 uocales
1067 2333 1133 2377 non

73 2418 98 2459 aa
111 2398 332 2478 receptarunt,
358 2395 521 2478 quianon
543 2399 611 2460 tam
633 2396 778 2460 uocalem
800 2399 927 2460 ueteres
950 2417 1048 2480 quam
1071 2419 1134 2462 am·

112 2479 241 2563 biguam
264 2479 420 2563 appellari
442 2481 557 2545 debere
578 2481 766 2564 credebant,
789 2481 865 2564 quia
888 2480 1059 2565 aliquoties
1075 2503 1133 2566 pro

111 2564 232 2642 uocali,
255 2564 425 2647 aliquoties
448 2586 506 2650 pro
528 2569 618 2631 muta
640 2565 804 2648 accipitur.
842 2565 896 2630 sed
917 2565 982 2630 hoo
1004 2567 1134 2631 silentio

110 2649 414 2730 praetermittamus.

194 2731 256 2796 Illa
278 2737 386 2799 autem
406 2735 504 2816 ratio,
528 2735 569 2798 ob
591 2755 685 2817 quam
701 2736 852 2818 quattuor
871 2734 1000 2799 uocales
1023 2735 1133 2799 literas

73 2841 99 2882 ao
112 2817 202 2901 quasi
229 2818 498 2902 praeiudicatoria
525 2819 717 2883 auctoritate
749 2819 1021 2898 annumerabant,
1054 2820 1133 2884 haec

112 2905 176 2984 est,
207 2902 292 2986 quod
321 2903 382 2967 iste
405 2903 570 2967 intuebilis
593 2903 730 2966 mundus
753 2906 906 2987 quattuor
928 2906 1058 2969 constat
1079 2905 1133 2968 eli·

113 3093 314 3102 --———.-

181 3211 194 3258 1
214 3206 302 3261 habet
319 3207 354 3261 N
365 3207 409 3277 114
428 3207 632 3262 concludantur
650 3207 684 3263 N
697 3210 707 3277 ΙΙ
724 3213 740 3263 5
756 3207 907 3277 posthaec
926 3207 1050 3276 spatium
1067 3208 1135 3261 3-4

112 3271 166 3327 litt.
179 3272 212 3327 N
222 3275 231 3342 ΙΙ
245 3282 260 3329 6
272 3291 388 3330 ,summa
405 3275 472 3330 odd.
485 3275 549 3329 Mai
561 3276 571 3344 ΙΙ
584 3279 795 3330 consummatur
813 3276 877 3329 Mai·
889 3277 899 3342 ΙΙ
913 3280 928 3328 8
947 3277 977 3329 et
988 3274 1042 3329 hoc
1055 3273 1089 3328 N
1097 3274 1134 3342 l9

111 3337 296 3395 histoicorum
312 3341 347 3395 N
360 3344 370 3411 ss
390 3348 421 3397 10
439 3345 570 3412 tympum
587 3342 622 3396 N
635 3344 644 3412 ss
665 3350 694 3396 la
714 3344 789 3411 quod
808 3357 893 3408 quam
910 3342 946 3396 N
959 3344 969 3411 l
985 3347 1014 3396 15
1031 3340 1135 3396 litteris

111 3436 146 3490 N
154 3441 164 3506 ΙΙ
178 3447 209 3495 16
228 3421 365 3497 ceiiiebat
380 3442 415 3496 N
424 3445 434 3512 ΙΙ
448 3449 480 3498 17
497 3459 576 3522 meos
593 3445 628 3497 N
635 3446 672 3564 Ἠ
828 3508 833 3518 ,

110 3505 269 3562 subtractat
286 3508 317 3562 N
329 3510 338 3576 ΙΙ
352 3515 384 3564 28
401 3512 619 3578 praemittamus
683 3523 751 3564 corr.
769 3507 840 3562 Mai.

675 3450 691 3497 9
709 3458 788 3495 mons
803 3439 837 3492 N
845 3441 855 3506 ΙΙ
868 3446 901 3495 20
918 3444 1026 3511 typpus
1037 3443 1071 3498 N
1079 3443 1090 3510 ll
1103 3446 1135 3496 23
