2354 3946
406 201 453 257 IX.
481 200 568 255 VITA
591 201 618 256 S.
639 201 791 258 GISLENI.
1045 205 1109 270 155

96 361 300 426 Posthabitis
325 359 419 426 Grais
442 384 483 427 ne
507 363 656 429 differte
680 365 757 429 dare
781 364 894 431 Gallis.

96 449 159 514 Hic
182 449 308 514 animos
331 451 446 535 populi
469 451 622 517 fundabis
644 452 766 518 famine
789 455 894 537 verbi,

96 537 191 603 Unde
214 539 352 603 salutari
374 540 506 604 valeant
530 541 569 605 de
591 541 682 606 fonte
706 543 818 608 lavari.

42 683 45 689 .
95 626 176 692 Post
198 630 256 691 tua
279 649 356 691 cura
378 649 501 713 pagum
525 629 655 694 Hainau
677 631 836 715 migrabit
858 653 1042 715 amoenum3

22 731 77 781 130
96 714 160 780 Hie
184 714 387 800 Ursidongus
411 717 502 782 locus
526 722 577 782 est
600 719 768 784 vocamine
792 719 907 802 dietus,

96 802 212 868 Gratia
236 804 323 869 celsa
345 805 394 869 tui
418 807 535 869 statuit
559 828 653 889 quern
677 807 775 872 laude,
796 809 894 892 tueri,

96 890 314 978 signatusque
337 914 409 958 meo
432 894 575 979 fulgebit
597 896 729 960 nomine
753 895 861 960 claro?

94 980 259 1045 Praesulis
283 981 364 1046 haee
386 982 473 1046 votis
496 983 553 1046 ubi
577 983 710 1048 mandat
732 989 846 1069 pastor
868 984 990 1062 herilis,

96 1067 250 1133 Gressum
273 1069 376 1134 flectit
400 1092 447 1154 eo,
471 1071 586 1135 triadis
609 1093 673 1156 quo
697 1073 845 1157 splendet
867 1073 987 1157 imago.

96 1241 175 1307 Quod
194 1243 277 1298 iussis
295 1243 460 1312 apostolicis
475 1245 643 1300 satisfecerit
655 1249 805 1315 partesque
820 1245 929 1301 Galliae
943 1247 1105 1315 praesentia

199 1314 242 1368 sui
259 1313 453 1370 nobilitaverit
471 1320 686 1385 sanctorumque
704 1316 852 1386 colloquiis
871 1333 937 1372 usus
956 1318 1001 1373 sit.

21 1439 75 1488 135
94 1421 179 1486 Hine
202 1427 295 1505 pater
317 1424 468 1507 egregius
493 1425 582 1489 caelo
605 1431 775 1508 terraeque
799 1424 969 1503 canendus,

93 1511 256 1595 Angelieo
279 1512 442 1576 monitum
465 1517 595 1577 constat
619 1534 714 1595 quem
738 1511 859 1576 famine
882 1514 1025 1597 primum

93 1597 189 1664 Nune
212 1603 245 1664 et
269 1600 441 1685 apostolici
465 1602 666 1683 praeclarum
689 1622 822 1665 munere
844 1602 938 1685 iussi,
1123 1631 1139 1670 r.

93 1686 246 1752 Pluribus
270 1689 410 1773 omissis,
433 1689 551 1753 tribuit
575 1711 655 1774 quos
681 1689 816 1753 Graecia
839 1687 931 1773 felix,
1115 1701 1157 1741 001·

94 1773 247 1841 Subiacet
269 1777 415 1862 imperiis
438 1779 546 1862 polica
570 1777 609 1841 de
633 1777 707 1841 sede
730 1777 854 1841 notatis

22 1879 75 1929 140
96 1862 211 1948 Sisque
233 1865 348 1950 pedem
372 1866 448 1930 calli
471 1866 546 1931 divo
570 1866 631 1930 sub
654 1866 789 1929 numine
813 1864 924 1930 credit.

93 1953 224 2017 Adsunt
248 1957 281 2018 et
303 1955 437 2019 comites
461 1954 594 2037 pietatis
619 1975 728 2018 amore
752 1955 910 2027 eluentes:

94 2039 224 2107 Scilicet
248 2042 366 2107 eximio
389 2042 592 2107 Landbertus
617 2064 689 2107 cum
713 2041 868 2124 Belirico3

93 2128 230 2194 Gemma
254 2130 393 2196 diaconii
416 2132 527 2194 lucens
551 2130 607 2195 sed
631 2130 794 2214 splenduit
816 2130 873 2194 uni

92 2216 235 2284 Vestivit
258 2219 380 2283 socium
405 2219 501 2284 decus
526 2224 558 2283 et
580 2219 732 2284 manuale
756 2219 940 2284 seeundum.

21 2320 75 2370 145
94 2305 173 2371 Tres
198 2307 320 2391 pariter
342 2309 479 2393 parilem
503 2307 701 2372 meditantur
723 2307 758 2371 in
782 2330 837 2373 ore
861 2307 998 2372 triadem

93 2393 174 2460 Cum
198 2395 283 2461 votis
308 2417 440 2461 sensnm
463 2396 603 2461 libantes
627 2396 892 2462 contribulatum.

92 2481 223 2549 Moenia
245 2482 416 2549 Gallorum
440 2485 566 2550 scandit-
589 2485 666 2549 dum
689 2488 829 2550 stemma
851 2485 997 2568 beatum,

92 2571 197 2636 Aures
220 2571 311 2636 fama
333 2574 432 2657 capit,
455 2573 558 2640 menti
580 2573 746 2656 perdulcia
768 2573 891 2657 promit

92 2659 258 2724 Praecluis
282 2664 315 2725 et
338 2661 405 2726 eari
428 2661 623 2745 consignans
646 2682 766 2726 nomen
788 2659 931 2724 Amandi

21 2763 73 2813 150
93 2747 132 2812 In
154 2749 309 2835 gregibus
333 2751 432 2814 sacris
456 2749 653 2814 matutinum
677 2747 765 2813 sidus
789 2749 928 2832 agentis.

93 2836 155 2902 Hic
178 2838 335 2922 populum
358 2838 459 2902 verbo
482 2836 639 2922 pascebat
662 2837 731 2901 sole
755 2836 816 2900 sub
839 2835 912 2920 ipso

91 2923 237 3010 Ingeniti
260 2947 422 2990 summum
445 2930 572 2991 testans
596 2947 668 2990 cum
692 2930 865 3009 pneumate
888 2925 1031 2989 verbum.

92 3012 187 3079 Hune
211 3035 302 3078 sacer
325 3036 401 3079 aure
424 3014 540 3078 bibens
564 3013 725 3078 adfectum
749 3013 821 3076 fixit
844 3013 957 3077 eidem.

94 3100 180 3165 Hinc
203 3103 355 3167 lacrimas
380 3104 481 3168 oculis
506 3102 660 3166 mittebat
684 3101 813 3166 sedibus
836 3101 927 3185 ipsis,

166 3352 217 3400 126
238 3346 318 3400 ‘Post
339 3346 437 3401 abitis’
458 3345 583 3401 litteram
605 3346 625 3400 h
646 3345 743 3401 deesse
766 3343 852 3399 solita
874 3345 943 3400 nota
965 3343 1106 3399 indicatur

94 3416 204 3486 ‘graiis'
230 3417 349 3472 alterum
377 3416 388 3469 i
414 3433 525 3471 erasum
597 3422 648 3472 128
674 3416 774 3471 ‘fonte’
800 3432 817 3469 o
841 3431 875 3469 ex
902 3434 921 3470 u
949 3417 1106 3470 correctum

93 3493 145 3542 129
162 3488 332 3542 ‘amaenum’
385 3493 436 3542 135
453 3487 622 3556 ‘aegregius’
671 3492 720 3542 138
738 3485 852 3558 ‘gretia’
901 3491 952 3541 147
969 3485 1104 3543 ‘Maenia’

92 3557 122 3612 in
141 3557 268 3628 margine
287 3557 441 3627 ascriptum
461 3558 575 3628 ‘Figura
592 3557 730 3628 Ipallage’
796 3563 847 3613 153
869 3556 1023 3613 ‘affectum’
