2354 3946
412 199 475 258 vn.
501 201 550 256 nn
570 200 700 257 cnseo
740 217 750 231 ·
1021 205 1063 270 59

51 354 88 421 sic
109 359 174 437 tayo
206 358 299 438 tepea
319 353 436 419 celatio
459 354 584 418 consilii
607 358 671 434 est,
701 358 734 419 at
756 359 821 437 tepo
843 357 920 438 lepis
941 359 1061 421 tectum

52 437 182 506 uissibile
218 438 400 523 significat3
440 439 486 503 sic
522 440 560 504 da
600 439 659 504 das
695 440 751 506 aar
787 440 915 523 isponte
954 441 1062 526 largiti

53 528 105 602 et,
133 525 212 590 dedo
246 524 337 589 dedas
369 523 418 587 nis
445 523 554 608 regiae
582 523 707 588 coactio
734 526 792 588 cst.
844 525 890 588 sic
916 525 1060 590 Cicero

54 608 119 675 licit
138 609 265 675 nnana·
286 610 323 673 ia
344 608 534 674 dedicionem
555 607 778 675 Romanorum
798 611 875 674 iarn
896 611 1060 692 resapere.

55 694 92 759 sic
117 694 216 758 etiam
237 692 340 776 probo
356 692 476 779 probas
496 693 630 757 alicuius
651 692 699 756 rei
720 693 913 758 examinatio
935 698 999 777 est,
1029 698 1063 758 at
1087 712 1100 751 5

51 778 138 861 proto
154 778 267 860 probris
290 798 362 841 cum
385 798 500 842 manus
515 778 708 842 medicorum
726 779 978 862 aegrescentium
994 803 1061 846 cor·

55 883 122 947 pora
147 864 361 928 contractant
407 863 454 927 sic
484 865 517 926 et
537 863 609 927 uolo
630 863 721 928 nolas
744 861 876 926 uolatile
899 868 962 945 est,
990 868 1061 931 nolo

55 949 98 1013 ais
115 946 336 1011 uoluntarium
359 949 417 1010 est.
458 947 504 1010 sic
526 951 560 1011 et
581 967 652 1029 copo
675 949 757 1029 copis
778 947 980 1012 necessitatis
1003 954 1060 1033 est,

57 1036 86 1096 a
102 1052 168 1114 copo
189 1051 283 1115 copas
305 1031 490 1096 coniunctio
514 1031 620 1095 rixoris
643 1032 684 1094 ad
705 1032 819 1095 uirum.
853 1051 987 1117 nssnrpo
996 1055 1062 1118 pos

57 1114 176 1181 alicuius
198 1115 433 1181 nominationis
454 1115 523 1179 siue
545 1117 814 1199 praesumptionis
837 1120 893 1194 est,
916 1123 950 1182 at
969 1137 1099 1185 asar-1⁰

56 1220 102 1282 pcc
120 1220 176 1284 pes
201 1199 368 1265 inchoatio
390 1200 649 1283 conscriptionis.
694 1201 797 1264 omnis
820 1202 1003 1286 coniugatio
1026 1207 1059 1268 in

60 1286 132 1349 omni
152 1284 252 1350 uerbo
275 1285 382 1349 actico
405 1288 438 1350 et
451 1284 593 1349 neutrali
608 1288 683 1349 ante
703 1285 911 1350 nouissimam
933 1288 1060 1354 literam

10 1406 12 1411 ·
62 1370 202 1453 ancipit
222 1370 277 1434 uel
298 1391 314 1434 e
335 1369 388 1433 uel
408 1371 432 1454 a',
454 1371 490 1434 in
512 1370 601 1435 omni
623 1372 729 1433 autem
750 1371 880 1453 passiuo
896 1374 1060 1438 communi

62 1455 272 1538 etdeponenti
294 1459 370 1519 ante
397 1455 608 1520 nouissimam
635 1453 792 1537 syllabam
811 1455 936 1520 hisdem
957 1456 1059 1523 literis

62 1538 155 1603 nitur.
191 1542 268 1604 aunt
289 1539 390 1604 uerba
411 1539 530 1604 nullius
553 1539 798 1624 coniugationis,
824 1562 905 1624 quae
927 1542 962 1605 in
984 1560 1097 1607 con-15

63 1627 210 1688 nnmtem
232 1624 383 1688 desinunt
398 1628 435 1689 ut
450 1645 522 1690 snm
541 1643 668 1706 possam
681 1623 817 1690 literam.
846 1630 896 1690 est
904 1631 995 1709 poteo
1011 1649 1058 1691 se-

63 1708 164 1773 cundae
184 1709 420 1806 coniugationis
443 1712 476 1773 et
496 1709 660 1792 potentiae
675 1709 821 1787 maioris,
844 1711 898 1773 sed
920 1713 1058 1774 secunda

63 1811 180 1873 wenna
200 1793 317 1876 prioris
339 1793 430 1857 uerbi
441 1798 530 1876 potes
543 1793 661 1875 corripi
677 1793 780 1876 debet,
803 1793 966 1875 sequentis
981 1815 1057 1858 uero

63 1877 246 1957 producenda
267 1881 316 1941 est
324 1882 420 1960 potes.
453 1880 529 1940 sunt
543 1877 599 1960 qui
613 1876 724 1941 dicunt
738 1877 894 1960 quaedam
910 1877 1008 1941 uerba
1023 1879 1058 1942 in

63 1960 118 2027 tire
130 1965 163 2027 et
175 1964 347 2046 propterea
358 1961 477 2025 nullius
489 1961 724 2046 coniugationis
736 1961 806 2044 fieri
817 1965 854 2026 ut
864 1963 994 2026 memini
1006 1964 1058 2029 odi
1071 1981 1096 2020 20

63 2048 129 2111 aa.
151 2046 208 2111 sed
219 2068 279 2111 nos
290 2046 411 2111 multae
423 2066 477 2110 eos
487 2046 635 2111 lectionis
647 2046 838 2110 auctoritate
852 2045 1056 2111 reuincimus.

62 2125 224 2197 inuenimus
235 2131 323 2196 enim
334 2151 408 2214 sepe
418 2151 496 2197 acro
507 2132 597 2196 noris
607 2133 693 2196 norit
704 2134 737 2194 et
747 2131 782 2194 in
793 2131 967 2213 praeterito
980 2135 1058 2196 tcm-

61 2232 119 2294 pore
132 2216 167 2280 in
180 2218 227 2294 ni,
241 2215 288 2281 sic
306 2219 339 2280 et
353 2216 422 2281 odio
434 2217 484 2281 dis
500 2217 548 2281 dit
561 2216 659 2281 odiat.
687 2217 817 2280 memini
833 2220 938 2280 autem
954 2218 1058 2282 solum

60 2296 110 2365 ino
124 2300 209 2365 exire
224 2320 291 2363 non
305 2300 440 2383 repperi.
474 2303 550 2365 sunt
569 2300 667 2363 uerba
681 2301 795 2364 tertiae
810 2301 1057 2386 coniugationis‚

10 2410 12 2439 ι
59 2402 123 2465 quaa
152 2386 287 2467 accepta
318 2383 527 2468 productione
558 2405 670 2448 sensns
703 2385 865 2450 inmotant
897 2390 933 2450 ut
962 2389 1054 2454 niaco
1070 2400 1097 2441 2⁵

57 2468 142 2535 aaran
169 2468 209 2535 de
238 2467 373 2533 uictoria
401 2471 434 2532 et
454 2467 553 2533 habet
574 2469 608 2531 in
630 2469 803 2552 praeterito
826 2474 971 2552 tempore
993 2474 1059 2537 uici

56 2556 196 2620 nitidas
218 2573 290 2618 snm
311 2553 347 2616 in
368 2552 505 2636 passiuo,
529 2557 564 2618 at
585 2555 691 2618 aiecio
705 2555 809 2620 niano
824 2552 862 2618 de
877 2555 1009 2620 uinculo
1026 2560 1058 2620 et

54 2634 136 2704 habet
156 2640 192 2703 in
212 2637 389 2736 praeterito
410 2638 520 2703 elaeae·
540 2641 573 2702 et
586 2637 714 2721 passiuo
730 2641 855 2704 nicetas
868 2660 948 2706 snm.
982 2646 1058 2706 sunt

52 2724 162 2789 atalia
190 2721 335 2788 eiusdem
362 2722 598 2808 coniugationis
627 2743 688 2787 nec
716 2724 751 2787 in
774 2727 878 2789 totum
901 2726 1057 2811 producta

103 2925 248 2982 laetatio
266 2926 295 3012 r
311 2925 321 2992 l
339 2925 382 2983 rr.
399 2925 466 2993 tego
484 2901 593 2979 tescit
610 2923 643 2978 Ν
657 2926 695 2994 un
713 2927 891 2996 sarraponte
909 2928 973 2983 ΡΝ
980 2930 990 2995 l
1003 2927 1056 2980 rar-

42 3008 99 3114 nt
116 3046 202 3115 nra
221 3032 312 3125 virgil
330 3043 371 3096 rer
392 3044 499 3097 coactio
524 3045 588 3113 (st
605 3042 694 3098 viane
712 3045 744 3099 n
761 3047 824 3114 my.)
844 3044 878 3098 Ν
891 3047 900 3112 l
913 3044 957 3099 af.
981 3043 1054 3095 sn-

42 3132 173 3201 nncipere
193 3143 248 3186 om.
267 3127 302 3182 N
310 3128 348 3195 lt
367 3126 453 3181 etiam
470 3142 521 3181 om.
533 3126 567 3182 N
575 3129 585 3196 ΙΙ
597 3129 685 3198 probo
697 3129 749 3182 bas
761 3129 792 3182 N
803 3130 813 3195 ΙΙ
826 3127 870 3180 cf.
883 3127 1055 3180 medicorum

40 3213 150 3279 corpora
168 3200 200 3337 Sa
211 3197 296 3318 cog.)
308 3190 517 3316 ‘contractatffl
526 3196 536 3263 ΙΙ
548 3201 564 3249 t
576 3212 661 3266 corpo
673 3197 701 3250 P
713 3198 750 3316 ΙΨ
764 3193 903 3314 θήᾐοΝᾶΝ
933 3200 948 3248 8
961 3197 1055 3264 cogas]

37 3332 65 3389 Ν
89 3267 270 3406 sufficiet
285 3264 524 3384 liliati-‘inl
535 3269 696 3399 iiaeiiiiit'
712 3263 871 3397 atelle„
886 3263 1056 3397 allililtl

36 3434 76 3505 ΡΙ
87 3444 120 3493 20
138 3434 218 3490 nulli
233 3435 247 3486 ἔ
265 3432 294 3487 Ρ
306 3434 316 3501 ΙΙ
330 3437 362 3485 21
376 3409 527 3485 aitoritate
539 3433 567 3487 P
579 3434 589 3501 ΙΙ
601 3438 634 3487 23
646 3430 711 3495 oevi
722 3431 750 3485 P
762 3430 772 3498 ΙΙ
785 3436 818 3486 24
835 3433 868 3498 (ξο
886 3431 914 3485 P
926 3431 936 3498 l
949 3435 981 3484 25
992 3445 1056 3499 pro-

36 3502 163 3560 dnccione
183 3502 240 3569 ΡΙ
253 3506 287 3554 26
304 3499 372 3568 vici]
391 3499 466 3553 vinci
483 3499 518 3553 P.
