2354 3946
576 579 622 653 H.
668 628 669 632 a

164 738 315 819 VITA
343 736 385 819 S.
404 736 700 822 VERENAE
727 737 1033 822 VIRGINIS.
1134 791 1138 800 ·

199 1001 362 1068 INOLPIT
380 1000 488 1067 VITA
512 1001 543 1068 S.
558 1001 773 1068 VERENAE
792 1002 999 1072 VIRGINIS.

92 1179 197 1265 Virgo
212 1178 340 1244 Verena
353 1179 429 1262 fuit,
450 1201 548 1263 quam
567 1181 707 1245 multum
721 1177 870 1246 Christus
886 1181 1017 1248 amavit.

91 1267 182 1332 Haeo
206 1268 244 1332 de
268 1270 366 1353 gente
388 1269 444 1353 pia
466 1267 571 1332 fertur
594 1269 720 1334 venisse
743 1268 895 1334 Thebaes

94 1356 224 1421 Nobilis
247 1356 313 1420 ista
336 1378 481 1440 manens,
504 1361 635 1422 sanctos
658 1357 789 1422 imitata
811 1360 972 1442 parentes.

94 1444 225 1510 Scilicet
247 1445 332 1509 hanc
354 1445 461 1529 ipsam
484 1466 577 1510 sacro
601 1445 779 1529 spiramine
802 1447 932 1528 plenam

57 1549 72 1596 u
94 1532 214 1598 Omnes
237 1534 406 1598 unanimes
430 1533 696 1599 commendavere
719 1538 870 1617 parentes

93 1621 245 1687 Pontifici
268 1644 395 1687 summo
417 1622 520 1687 nimia
542 1622 662 1687 virtute
685 1621 815 1703 referto,

93 1709 238 1776 Narrant
259 1731 320 1794 pro
339 1708 471 1776 Christo
489 1732 623 1795 passum
642 1732 739 1795 quem
758 1711 916 1795 sanguine
934 1709 1017 1794 fuso,

92 1799 166 1863 lure
191 1820 249 1863 suo
272 1798 406 1884 proprio
430 1801 485 1883 qui
507 1803 624 1884 regnat
646 1799 681 1863 in
704 1798 834 1863 aethere
857 1820 994 1883 summo,

93 1887 260 1963 Quatenus
284 1887 445 1971 acciperet
468 1909 593 1952 sacram
616 1887 826 1972 baptismatis
850 1886 970 1952 undam

41 1991 74 2038 10
93 1976 139 2040 ut
161 1976 282 2041 donum
304 1976 380 2040 fidei
403 1976 596 2060 sumpsisset
619 1980 727 2041 mente
749 1977 845 2043 fideli.

94 2063 254 2149 Contigit,
278 2064 466 2149 Aegyptum
491 2087 554 2149 quo
579 2064 699 2131 viseret
720 2065 921 2150 inferiorem,

93 2152 241 2217 Plurima
264 2152 452 2217 credentum
476 2176 540 2237 qua
564 2153 694 2220 subdita
716 2155 815 2220 turba
836 2154 980 2220 virorum

93 2240 314 2306 Daemonibus
337 2241 431 2307 vanis
454 2263 581 2308 necnon
603 2243 767 2329 mutisque
789 2243 934 2308 metallis

92 2328 233 2414 Imperio
257 2329 343 2394 saevi
366 2335 503 2416 cogente
525 2330 729 2397 Diocletiani.

41 2431 73 2479 15
94 2417 252 2503 Tempore
275 2423 354 2484 tunc
376 2419 435 2484 illo
459 2420 519 2484 sub
543 2418 683 2485 Caesare
705 2418 915 2504 Maximiano,

93 2506 181 2589 Dux,
204 2507 274 2591 ubi,
297 2506 470 2572 Mauritius
494 2529 567 2572 cum
589 2509 694 2573 nollet
715 2508 800 2572 ferre
823 2512 953 2573 coactus

93 2595 180 2660 Tura
204 2595 275 2678 diis,
298 2595 445 2680 sequitur
468 2596 555 2681 legio
578 2599 657 2660 tunc
681 2601 799 2661 cuncta
820 2597 937 2680 fidelis,

92 2683 227 2748 Prosilit
249 2683 283 2747 in
306 2683 453 2769 iugulum
476 2705 533 2748 rex
555 2682 766 2768 Mauritiique
790 2706 932 2750 suorum.

94 2769 155 2836 Cui
177 2772 270 2856 virgo
295 2770 418 2838 Christi
442 2773 594 2857 cupiebat
617 2793 651 2837 se
674 2795 803 2858 qnoque
825 2772 917 2857 iungi

39 2875 74 2922 20
94 2860 287 2946 Virginibus
312 2861 411 2926 sacris
434 2861 510 2924 fidei
533 2882 605 2925 cum
629 2860 765 2946 pignore
788 2861 937 2944 comptis.

93 2949 183 3014 Tunc
205 2948 424 3015 Mediolanum
448 2969 601 3034 magnam
623 2950 771 3034 pervenit
795 2949 837 3014 ad
859 2948 973 3013 urbem

93 3037 245 3123 Martyrii
269 3059 394 3102 sacram
418 3037 549 3122 cupiens
573 3038 762 3122 conquirere
784 3038 929 3121 palmam

92 3180 306 3190 -—-——-

165 3263 297 3319 ‘Verane'
363 3264 532 3334 2‘dcpeale’
558 3264 696 3320 ‘Thebae’
762 3263 919 3320 s‘ethere’
985 3264 1105 3331 9‘Qua·

91 3336 180 3390 tinue’
238 3342 271 3390 13
291 3333 486 3391 'Demonibus'
544 3333 676 3391 14‘eeui'
735 3340 768 3391 lo
784 3335 909 3392 ‘Cesare’
968 3341 1001 3390 16
1018 3337 1106 3392 ‘Mau-

91 3405 188 3460 ricius'
246 3412 278 3461 18
299 3405 450 3463 ‘Maurioii'
508 3411 541 3462 21
562 3407 714 3479 ‘mapsam'
