2354 3946
373 205 421 262 lV.
448 203 537 260 VITA
556 204 583 260 S.
602 203 770 263 aanmls.
1032 204 1075 268 47

62 370 236 454 Ingressus
261 368 385 433 auferte
407 367 507 452 foras,
529 368 647 432 dietate
671 368 835 452 querelas3

10 475 41 525 'a
64 457 250 542 Aggrediar
274 461 399 522 secreta
422 477 532 540 preces
556 456 697 521 distante
721 456 885 522 tumultu?

61 547 158 611 Ilicet
182 547 322 630 egressis
347 543 498 610 Christus
523 545 691 610 mandarit
714 545 755 609 ab
780 546 886 628 astris,

62 635 212 719 Angelus
236 633 417 716 advitam,
441 633 556 698 nolens
580 634 714 698 turbare
737 637 916 718 precatam,

62 723 225 788 Redderct
248 723 441 787 exanimum.
487 721 650 806 Repetens
675 744 751 786 mox
776 722 892 806 plenus
917 723 957 788 ad
981 745 1076 789 auras

63 811 220 876 Prosiluit
243 811 312 876 vita
333 833 442 876 rerum
466 810 635 875 clamando
658 813 840 895 potentem,

10 919 41 967 so
64 899 152 976 Quae
171 899 317 985 venient,
334 900 439 964 fluxae
459 902 629 963 remanent
647 920 706 983 per
724 903 881 984 tempora,
900 898 1076 979 Christum,

64 987 169 1064 Quem
192 989 284 1073 colit,
308 1011 377 1053 esse
401 991 510 1068 deum,
533 988 644 1072 plebes
669 1008 850 1073 cognomen
873 989 914 1052 ab
937 988 1009 1071 ipso

62 1077 134 1141 Iam
158 1078 288 1142 tandem
313 1077 467 1160 retinens,
489 1075 564 1140 fidei
589 1075 735 1140 subiecta
758 1075 876 1159 datori,

63 1166 294 1250 incassumque
318 1166 382 1231 coli
405 1166 565 1229 memorat
588 1164 760 1230 simulacra
783 1165 930 1249 deorum,

64 1253 159 1330 Quod
183 1254 245 1318 sibi
268 1276 327 1319 nee
349 1256 500 1338 possunt,
524 1253 596 1319 aliis
619 1274 679 1318 nee
702 1253 796 1336 ferre,
820 1255 905 1337 quod
929 1257 1055 1338 optant.

10 1358 40 1408 36
62 1342 133 1407 Nec
156 1346 286 1427 poterat
308 1364 374 1407 non
397 1364 474 1407 vera
496 1342 600 1426 loqui,
625 1363 707 1426 quae
731 1345 836 1406 morte
860 1343 1014 1408 subactus

62 1431 236 1515 Audierat,
260 1430 336 1495 dum
360 1434 475 1515 stupra
499 1431 601 1515 eupit,
624 1431 691 1495 iam
715 1430 828 1496 doctus
851 1430 1022 1515 honorem,

63 1517 237 1605 Spreverat
259 1524 334 1584 ante
358 1541 461 1604 capax
483 1540 587 1603 nuper
610 1541 706 1602 quem
729 1518 844 1584 mortis
868 1525 1003 1584 amator.

64 1607 117 1673 Sic
141 1607 229 1692 capit
252 1609 301 1672 ira
324 1608 470 1686 modum,
494 1608 615 1672 stultus
639 1609 686 1672 sic
709 1607 805 1672 discit
827 1607 994 1673 honorem.

61 1696 237 1760 Pontifices
261 1696 372 1761 audita
393 1695 551 1779 fremunt,
568 1695 725 1763 ,turbatur
747 1696 924 1781 haruspex;

10 1801 42 1850 ao
63 1784 226 1849 Seditiosa
248 1784 353 1870 magis
377 1785 489 1867 plebes
513 1784 644 1848 incensa
667 1783 807 1868 querelis

62 1873 235 1937 Infremuit
258 1874 479 1957 clamantque:
503 1871 648 1955 ‘Magam
670 1872 736 1936 iam
759 1873 842 1937 tolle
864 1871 1048 1959 nefandam,
1091 1894 1108 1934 r.
1121 1887 1150 1936 cv

64 1961 152 2038 Quae
175 1965 307 2026 mutans
331 1961 458 2026 animos
482 1965 607 2025 mentes
631 1960 796 2025 dementat
819 1960 1006 2028 amantum?

63 2049 232 2134 Obstipuit
253 2050 419 2132 praedicta
442 2049 554 2114 videns
577 2050 734 2114 miracula
756 2071 901 2134 praeses3

61 2138 269 2221 Proscriptus
293 2161 333 2203 ne
355 2137 440 2203 forte
464 2141 576 2202 tamen
598 2160 658 2221 pro
682 2159 760 2222 paee
784 2138 923 2222 daretur,

11 2242 43 2290 95
62 2227 152 2291 Inter
175 2227 301 2311 agenda
324 2226 425 2292 vicem
448 2249 557 2291 rerum
580 2225 704 2291 dimisit
727 2227 887 2312 habenas,

61 2315 203 2398 Aspasio
227 2315 343 2380 cedens
366 2315 471 2380 tristis
495 2314 644 2382 discessit
667 2317 708 2380 ab
732 2315 823 2400 ipsis,

63 2402 193 2487 Sospite
216 2404 302 2489 quod
325 2407 404 2468 nato
428 2425 540 2486 sospes
563 2425 631 2468 non
653 2405 745 2490 virgo
768 2404 898 2469 rediret.

61 2491 270 2576 Pontificum,
294 2491 435 2575 demens,
458 2492 580 2557 veritus
604 2492 779 2576 dementia,
802 2515 942 2577 praeses,

63 2581 158 2663 Litis,
181 2581 305 2645 inultus
329 2581 409 2663 abis,
432 2603 547 2645 causas
570 2580 605 2644 in
628 2580 686 2646 lite
709 2581 888 2664 relinquis?

10 2684 43 2734 00
61 2668 139 2733 Non
163 2670 265 2733 satius
289 2669 442 2752 querulas
465 2668 572 2733 fuerat
594 2690 787 2753 componere
810 2690 923 2734 causas

62 2758 108 2822 Et
130 2759 221 2840 prius
245 2762 411 2841 acceptam
433 2758 564 2822 domino
587 2760 696 2821 tutare
718 2756 861 2841 puellam

62 2845 248 2931 Praestitit,
270 2846 330 2910 illa
352 2846 415 2911 tibi
438 2846 587 2910 subolem
610 2844 696 2928 quod
720 2846 835 2910 mortis
859 2846 901 2910 ab
925 2868 1006 2910 urna

62 2934 115 2999 Ad
137 2934 240 2999 vitam
262 2935 418 3000 reuocat?
462 2932 605 3020 Fugiens
629 2933 677 2999 sie
700 2933 784 2999 dona
807 2935 978 3018 rependis?

63 3021 143 3098 Quis
168 3022 275 3105 modo,
298 3045 400 3102 serve,
422 3023 529 3105 times,
552 3044 661 3086 rerum
685 3022 845 3106 spoliatus
869 3021 974 3086 obibis

10 3126 42 3175 os
62 3110 111 3175 Ac
135 3111 204 3176 sino
228 3115 325 3196 sorte,
349 3112 438 3195 licet,
461 3115 599 3176 mortem
623 3133 683 3195 pro
706 3115 810 3176 morte
834 3111 968 3175 subibis.

62 3198 223 3283 Aspasiae
246 3201 390 3264 clamosa
412 3199 519 3264 ferens
542 3221 609 3264 non
631 3201 732 3264 verba
754 3199 918 3264 furentum

62 3287 155 3353 Intra
178 3293 370 3372 conspectus
395 3288 536 3352 medium
559 3287 711 3353 certando
734 3288 844 3372 parari

134 3499 191 3553 276
207 3497 387 3568 ‘Adgrediar’
414 3497 553 3566 ‘praeces’
623 3501 674 3553 280
695 3497 790 3567 ‘duae’
861 3502 912 3552 289
932 3498 1073 3570 ‘aruspex'

61 3574 113 3625 291
135 3569 310 3638 ‘nefandam'
366 3574 418 3623 298
438 3568 556 3639 ‘preses'
