2354 3946
71 167 135 232 162
380 165 428 221 ΙΧ.
455 163 546 219 VITA
571 165 598 219 S.
618 163 774 220 GISLENI.

69 329 178 413 Ipsius
203 334 236 394 et
258 329 404 413 probitas
429 327 528 393 saecli
553 328 701 412 spirabat
722 327 757 391 in
780 348 887 392 auras.

71 417 278 485 Conveniunt
301 417 410 500 multi3
433 419 535 482 claret
558 417 691 480 lucerna
712 415 860 501 patroni;

70 507 205 573 Pectore
229 508 329 572 verba
352 507 471 588 fluunt,
494 505 618 590 peccati
641 504 778 569 flumina
800 503 938 588 tollunt3

0 613 52 663 35
71 596 218 661 Verbum
241 595 376 680 quisque
399 595 498 673 bibit,
521 593 620 658 triadi
642 592 818 678 praeconia
841 591 969 678 clangit

73 684 162 750 Odae
187 683 296 768 sicque
319 686 436 768 petunt
459 682 582 748 domini
604 680 794 766 praenobile
817 684 997 764 sceptrum.

72 859 153 926 Quod
169 857 377 914 Cameracensis
392 856 519 929 episcopi
537 855 725 928 praesentiam
745 853 848 910 adierit
862 855 891 910 ct
905 871 923 911 a
937 855 1097 912 sanctitate

268 928 355 998 ipsius
374 929 403 983 in
422 945 535 983 serrum
554 925 661 983 domini
678 927 825 997 reputatus
845 925 890 981 sit.

71 1037 134 1102 Est
157 1038 273 1102 civitas
298 1034 421 1101 Christi
446 1035 618 1119 genetricis
642 1035 707 1100 sita
731 1034 791 1099 sub
815 1033 877 1098 alis

70 1124 284 1207 Praefulgens
308 1125 394 1188 clero
419 1124 558 1188 candens
582 1123 758 1208 probitatis
782 1127 816 1188 et
840 1144 931 1206 auro,

72 1214 176 1290 Quam
201 1211 308 1275 dixere
331 1217 441 1294 patres
465 1209 677 1277 Camaracum
701 1233 817 1295 nempe
839 1211 978 1296 priores,

0 1319 53 1369 ceo
71 1301 135 1366 Hic
159 1300 235 1384 quia
258 1299 379 1386 regalis
402 1299 575 1383 praefulsit
599 1300 746 1366 clausula
768 1299 847 1364 fisci.

73 1390 143 1467 Quo
168 1389 291 1454 domini
314 1412 444 1454 currum
468 1409 558 1453 sacer
580 1389 755 1473 aurigabat
777 1389 952 1454 honestum
1058 1391 1060 1395 ’
1113 1412 1128 1452 r.
1141 1403 1164 1452 5τ

71 1479 237 1545 Ecclesiae
262 1479 399 1543 antistes
422 1482 500 1543 tunc
522 1475 765 1560 Autbertusque
789 1477 994 1543 monarches.
1111 1483 1170 1522 0⁰¹⁴

72 1568 220 1652 Denique
243 1567 332 1632 fama
355 1567 469 1632 volans
492 1567 590 1630 huius
613 1565 752 1631 confinia
775 1569 909 1650 captans

73 1657 239 1720 Virtutem
264 1656 369 1721 sancti
391 1658 490 1740 longe
514 1655 697 1740 spiraverat
720 1653 805 1739 orbi3

2 1763 55 1810 335
74 1746 227 1809 Autberti
250 1744 384 1809 tandem
407 1743 572 1829 profusius
596 1744 699 1807 intrat
722 1743 757 1806 in
780 1763 901 1807 aurem.

73 1833 177 1898 Audit
200 1833 283 1897 mira
307 1833 449 1917 quidem,
472 1833 581 1918 tangit
604 1831 660 1896 sed
682 1831 803 1897 nebula
825 1833 983 1915 mentem3

74 1922 240 2006 Ambages
265 1925 373 1986 animo
398 1923 531 1986 currunt
553 1941 612 2004 pro
636 1921 786 2004 praesule
808 1924 914 1985 tanto:

75 2010 164 2076 Scire
189 2010 279 2095 cupit
303 2014 465 2091 sanctum,
489 2031 584 2093 quem
608 2008 697 2073 fama
720 2013 853 2072 notaret
875 2010 909 2071 in
933 2030 1057 2076 aurem.

75 2098 233 2176 Quocirca
256 2099 351 2163 citius
375 2102 483 2163 mutat
505 2098 646 2181 vestigia
668 2096 801 2181 missus3

2 2204 55 2253 340
74 2187 266 2252 Pontificem
291 2187 406 2263 cernit,
429 2188 552 2250 iussum
578 2206 705 2270 quoque
728 2183 888 2270 praesulis
912 2184 1029 2268 inquit.

74 2275 144 2340 Nec
168 2296 260 2337 mora
283 2273 445 2355 perdulcis
469 2272 618 2357 pedibus:
643 2273 731 2357 capit
753 2295 896 2358 aequora
919 2273 1023 2358 callis,

73 2362 208 2426 Visibus
234 2361 386 2425 Autberti
411 2365 514 2425 semet
538 2383 601 2444 quo
626 2360 771 2426 crederet
794 2362 880 2427 almi.

74 2450 214 2514 Praebet
237 2453 270 2513 et
292 2449 471 2538 hospitium
495 2450 596 2534 lapsis
620 2450 833 2536 compagibus
858 2453 969 2533 aptum

74 2539 165 2603 Villa
189 2538 314 2619 decens,
336 2539 505 2604 hominum
528 2538 651 2604 notitat
671 2561 769 2624 quam
791 2538 903 2623 lingua
922 2537 1092 2624 Besinum,

4 2643 56 2693 345
77 2627 200 2693 Oceani
221 2627 325 2693 furvis
349 2628 446 2694 Titan
469 2629 545 2694 dum
570 2629 719 2694 sedaret
741 2627 875 2710 umbris,

76 2716 174 2782 Cuius
199 2718 374 2802 praeclaris
398 2719 528 2804 quidam
552 2719 691 2803 degebat
713 2717 748 2781 in
773 2716 840 2800 alis,

77 2806 279 2891 Quamquam
303 2808 400 2872 rebus
425 2830 534 2894 egens,
558 2809 645 2871 claro
669 2805 725 2869 sed
749 2806 894 2891 germine
917 2804 1054 2889 pollens,

74 2895 218 2979 Hospita
243 2894 375 2960 Gisleno
401 2897 515 2961 domus
538 2895 592 2958 hic
616 2894 676 2957 sub
700 2915 841 2977 paupere
864 2897 965 2977 tect03

75 2986 122 3048 At
145 2985 267 3068 pietate
291 2985 342 3049 dci
365 2983 489 3048 meritis
514 2985 547 3046 et
569 2981 730 3066 praesulis
755 2982 835 3046 almi

148 3183 201 3232 334
221 3175 357 3230 ‘flumina’
378 3175 536 3229 atramento
556 3187 647 3240 paene
667 3170 806 3224 exstincto
825 3189 959 3241 superscr.
981 3171 1088 3227 ‘noxia’

77 3254 129 3303 330
150 3248 225 3302 ‘Hic’
247 3263 382 3315 superscr.
402 3244 481 3298 ‘loci’
509 3241 683 3312 ‘praefulcit'
711 3239 780 3294 ‘fici'
801 3258 813 3294 s
834 3259 970 3311 superscr.
1036 3249 1089 3298 331

79 3319 163 3385 ‘Quo'
189 3333 323 3387 superscr.
349 3316 379 3370 ‘i.
402 3315 461 3369 ubi’
537 3319 588 3368 332
615 3310 799 3366 ‘eecclesiae’
874 3320 926 3368 336
953 3313 1092 3369 ‘Audi’c

77 3406 212 3458 superscr.
277 3394 329 3442 343
351 3385 546 3456 ‘conpagibus'
608 3389 661 3437 344
681 3381 808 3437 ‘notitat’
831 3400 866 3438 no
885 3384 915 3437 in
937 3400 1035 3438 rasura
1053 3384 1092 3440 tit

76 3476 162 3558 suprp
180 3459 288 3580 linepm,
304 3457 440 3527 scriptum
494 3462 546 3511 346
558 3455 608 3509 ‘in’
624 3453 656 3508 in
673 3469 771 3508 rasura
825 3458 876 3507 348
893 3453 1089 3510 ‘GYSLENO’

77 3535 129 3583 343
156 3546 240 3598 presu
253 3530 276 3582 is
