2354 3946
116 142 158 206 14
194 141 215 196 I.
243 138 368 197 PASSIO
389 139 436 196 SS.
452 139 559 195 PETRI
575 139 622 194 ΕΤ
640 138 750 194 PAULI
768 138 1057 198 APOSTOLORUhL

505 299 548 355 De
566 299 738 354 centurione.

114 392 259 460 Centeno
283 415 322 456 ex
344 414 478 457 numero
502 392 607 456 iustus
631 411 811 476 cognomen
834 390 992 475 habebat,

159 480 221 556 Qui
244 481 358 546 domus
382 485 480 566 utque
504 481 579 545 eius,
597 502 690 545 sacra
713 480 842 544 lavacra
864 484 992 564 petunt.

485 620 527 674 De
545 617 654 673 visione
673 616 757 674 Petri.

43 727 94 779 355
114 710 164 775 Ne
189 712 315 776 dubitet
336 711 454 776 Petrus
479 711 596 798 gentili
618 710 747 775 trudere
772 731 877 790 sacra,

159 800 275 865 Lintea
298 805 348 865 ter
371 801 472 865 missa
495 799 629 883 spiritus
653 801 750 882 atque
775 798 900 863 docent.

465 939 507 992 De
527 937 671 1007 ereptione
689 936 774 991 Petri.

114 1027 249 1095 Carcere
273 1033 462 1094 contrusum
486 1026 632 1092 Herodes
655 1028 806 1092 vinxerat
829 1031 915 1111 atro;

158 1115 304 1200 Angelus
328 1117 502 1182 ub‘soluene
525 1116 622 1180 iussit
645 1116 735 1179 abire
758 1115 902 1180 Petrum.

387 1255 486 1308 Petrus
505 1254 640 1309 ecclesiae
659 1269 758 1309 causas
777 1253 854 1309 dicit.

112 1345 251 1431 Legales
274 1346 358 1411 ritus
381 1346 504 1412 vellent
527 1367 599 1410 cum
623 1346 778 1411 extollere
802 1345 946 1431 quidum,

42 1454 94 1504 360
160 1433 317 1502 Sublevat
340 1435 511 1501 ecclesium
533 1434 622 1500 fusce
647 1437 804 1520 gravante
827 1432 954 1498 Petrus.

370 1574 414 1628 Ab
433 1573 537 1629 iudaea
554 1572 737 1629 Antiochiam
757 1572 869 1642 migrat.

112 1664 336 1730 Antiochenae
359 1666 448 1730 urbis
472 1666 550 1730 visit
572 1669 649 1750 poet
671 1664 800 1729 moenia
823 1663 951 1748 Petrus,

158 1753 228 1830 Quo
252 1760 367 1820 vernat
390 1754 524 1840 pulcher
547 1754 785 1837 multiplicatus
810 1772 897 1836 ager.

375 1893 418 1948 Ab
437 1893 590 1949 Antiochia
608 1894 727 1948 Romam
745 1891 867 1946 transiit.

111 1983 176 2049 Hic
195 1989 267 2049 sate
289 1989 402 2049 sancta
420 1985 510 2068 iecit,
534 1984 646 2049 redeat
664 1984 736 2069 quis
755 1983 849 2067 fruge
867 1981 1037 2066 fecundus3

156 2073 319 2138 Docturus
343 2073 482 2138 Romam
504 2078 581 2157 post
602 2073 805 2138 venerandus
829 2071 905 2136 adit.

184 2306 236 2356 354
253 2287 373 2356 ‘domos'
390 2317 421 2356 os
436 2301 466 2356 in
479 2317 512 2355 ue
527 2302 682 2356 correctum
699 2332 732 2342 -
750 2297 925 2355 ‘aecclesiae’
981 2304 1035 2354 360
1051 2298 1126 2355 ‘aec-

112 2372 238 2429 clesiam'
258 2403 292 2413 -
313 2372 420 2426 ‘iudea’
