2354 3946
112 150 175 216 106
389 147 449 204 Vll.
478 148 606 204 PASSIO
626 149 653 205 S.
672 147 847 205 aunuum.

109 312 268 378 Fontibus
291 310 424 396 irriguis
449 313 553 376 saneti
576 332 795 377 memorasse
818 311 1005 397 prophetae

110 401 279 467 Dictorum
302 400 423 485 coepit:
447 398 556 465 ‘Modo
580 401 636 485 qui
658 402 799 486 purgata
821 400 913 466 fideli

112 489 243 556 Semina
266 489 478 555 committunt
500 490 569 553 ruri
591 488 734 554 lacrimis
758 488 949 574 madefacti,

110 579 233 666 Magna
255 582 379 642 metent
401 576 522 641 hilares
546 581 684 642 venturo
708 576 827 662 gaudia
850 578 983 664 saeclo‚'

40 682 93 734 555
111 668 157 733 Et
179 668 268 753 quali
291 668 381 731 luctu
404 666 545 750 populus
569 667 719 751 captivus
743 666 865 750 agebat

111 756 214 821 Israel
238 755 389 821 exsilium
412 755 592 838 Babylonis
615 754 751 819 flumina
772 757 936 819 maestum

111 843 273 930 Flensque
289 844 466 927 sedensque
481 865 586 927 super,
601 845 762 907 memorat
776 841 853 906 dum
867 864 1033 929 prospera
1042 842 1125 930 Sion,

112 932 245 1019 Organa
268 955 341 998 cum
366 931 480 996 salices
503 931 572 995 illic
595 952 752 1014 suspensa
773 933 937 1015 tenerent,

112 1021 246 1087 Cantica
268 1043 309 1085 nc
333 1019 456 1084 domini
479 1018 658 1084 mulcerent
680 1019 787 1084 dulcia
810 1023 937 1084 mentes

40 1124 93 1175 560
112 1109 199 1173 Rure
222 1109 404 1193 peregrino.
445 1106 538 1181 Quod
561 1107 704 1173 crebrius
727 1107 798 1193 ipse
819 1108 976 1172 volutans

111 1197 154 1261 at
177 1197 258 1259 bene
282 1198 496 1279 pertractans,
518 1194 600 1259 haec
624 1196 700 1279 quid
723 1196 787 1260 sibi
808 1195 922 1260 littera
946 1197 1094 1283 claudat,

111 1283 151 1348 Se
175 1284 415 1366 contemplatur
437 1282 554 1367 patriis
578 1287 612 1347 et
635 1283 784 1349 dulcibus
808 1284 894 1348 arvis

109 1372 255 1458 Longius
279 1372 428 1437 avulsum
451 1371 588 1436 miseras
612 1371 666 1436 hio
688 1372 765 1436 flere
790 1373 940 1456 querelas

111 1461 320 1546 Alteriusque
339 1461 403 1526 loci
426 1461 528 1526 civem
551 1464 721 1545 terraeque
745 1462 911 1544 colonum,

39 1565 91 1615 565
111 1549 237 1616 Gaudia
261 1572 343 1636 qnae
367 1572 494 1635 semper
515 1550 673 1634 praebent
693 1549 923 1614 habitantibus
947 1551 983 1615 in
1008 1574 1053 1619 se.

111 1638 188 1704 Non
211 1639 287 1718 sibi,
311 1639 388 1704 dum
412 1639 531 1704 mundo
554 1638 721 1703 blanditur
743 1637 875 1703 mobilis
899 1661 993 1724 aura,

112 1727 264 1813 Quaeque
288 1728 358 1814 geri
380 1732 526 1812 reputat,
548 1749 661 1792 verum
685 1727 864 1811 speculatio
890 1725 984 1812 Sion,

112 1814 192 1882 Sion
213 1818 303 1901 pacis
326 1816 451 1882 habens
474 1819 675 1902 magnaeque
698 1815 815 1879 salutis
839 1815 970 1898 asylum

114 1903 322 1972 Sollicitabat
346 1929 434 1990 eum,
457 1905 547 1970 ouius
572 1905 657 1990 gerit
679 1903 745 1967 ista
766 1904 920 1989 figuram,

41 2007 93 2058 570
113 1994 203 2070 Quae
226 1998 324 2078 caput
348 2018 367 2059 a
389 1995 486 2059 terris
510 1995 599 2059 levat
621 1995 654 2057 in
678 1992 817 2057 sublime
840 1991 1026 2060 videndum.

112 2081 278 2158 Quantum
300 2088 390 2147 terra
412 2083 503 2165 polo,
530 2086 659 2146 tantum
684 2086 734 2145 est
755 2080 835 2145 haec
859 2079 971 2164 dispar
994 2084 1037 2149 ab
1062 2085 1130 2169 illa,

112 2169 211 2237 Cuius
234 2171 291 2234 re'x
315 2170 464 2234 Christus
488 2174 585 2250 eaput
609 2176 659 2234 est
682 2174 715 2233 et
738 2169 886 2234 conditor
906 2169 987 2253 ipse.

111 2258 296 2322 Parietibus
320 2260 432 2319 texens
456 2256 666 2320 rutilantibus
689 2257 830 2341 undique
853 2278 1001 2342 gemmas
1145 2279 1159 2322 a

111 2344 239 2409 Fundat
263 2365 333 2407 eam
358 2342 513 2425 excelsus,
535 2364 633 2425 quam
657 2365 691 2407 se
714 2344 836 2410 vidisse
858 2345 1022 2413 Iohannes

41 2447 92 2499 575
111 2431 275 2498 Intextam
299 2430 447 2494 meminit
469 2430 621 2514 pretiosis
645 2431 739 2518 virgo
763 2433 887 2517 lapillis

110 2521 160 2586 De
183 2521 273 2586 caelo
298 2520 555 2599 descendentem,
580 2521 670 2586 cuins
694 2521 783 2587 color
807 2544 920 2587 aurum

110 2608 220 2674 Vestis
245 2614 325 2674 erat.
366 2608 470 2685 Quam
493 2615 530 2675 tu
554 2609 668 2676 sitiens
691 2611 899 2677 vehementer
922 2613 1059 2679 amabas

110 2698 219 2781 Atque
243 2698 374 2763 inhians
396 2699 475 2765 illuc
498 2700 650 2766 currebas
674 2705 781 2767 mente
805 2700 929 2785 sagaci,

111 2784 228 2852 Sancte
250 2790 353 2871 pater,
376 2788 467 2853 cuius
490 2789 544 2854 hic
567 2812 627 2856 nos
652 2790 880 2876 amplectimur
903 2809 991 2874 ossa,

39 2888 91 2938 580
111 2874 163 2938 Ad
186 2875 293 2940 fontes
317 2876 453 2958 pedibus
476 2880 570 2943 velox
593 2883 631 2944 ut
653 2901 767 2943 cervus
791 2899 957 2962 aquarum.

111 2961 138 3027 Ο
162 2963 244 3048 sitis,
269 2987 287 3029 o
309 2964 386 3049 quid
410 2968 442 3028 te
465 2967 618 3045 referam,
642 2987 723 3050 quae
747 2965 852 3029 tendis
877 2966 918 3030 ad
939 2966 1061 3031 undam

108 3087 323 3098 «ᾖ.

181 3160 232 3208 552
243 3156 341 3225 ‘cepit’
380 3162 433 3212 554
442 3157 558 3213 ‘sancto’
568 3172 618 3225 per
628 3153 824 3222 compendium
834 3156 970 3225 scriptum
982 3160 1005 3227 (7
1016 3159 1052 3213 cf.
1061 3163 1126 3229 595)

110 3230 162 3281 556
178 3225 304 3280 ‘exilium
318 3228 470 3282 babilonis'
487 3225 630 3281 ‘mestum’
679 3223 835 3292 abt‘syon’
881 3233 931 3281 561
946 3227 1022 3282 ‘hee'
1071 3236 1125 3287 563

111 3294 206 3351 ‘ferre'
230 3296 292 3364 ‘pro
311 3298 406 3353 flebat’
428 3315 563 3367 supersor.
582 3294 612 3349 in
635 3293 761 3362 margine
782 3295 870 3350 ‘flere'
927 3304 980 3351 564
1001 3299 1123 3369 ‘tr‘cque’

109 3371 162 3421 567
178 3364 317 3433 ‘Quaque'
340 3370 431 3437 ‘syon'
487 3375 540 3423 568
560 3364 657 3434 ‘Syon’
681 3363 806 3418 ‘asilum’
865 3371 916 3422 570
934 3369 1026 3422 ‘utras’
1048 3387 1124 3424 oom-

109 3437 206 3506 peudii
227 3440 296 3491 nota
322 3455 407 3510 supra
429 3442 443 3493 t
465 3439 558 3508 posita
620 3441 671 3490 571
694 3434 767 3489 ‘hec’
833 3444 886 3491 574
907 3438 985 3491 ‘tabe'
1010 3438 1126 3510 virgula

94 3530 96 3535 ’
110 3508 327 3579 superimposita
373 3517 425 3566 576
441 3510 524 3564 ‘celo’
573 3512 624 3563 581
637 3505 745 3575 ‘feram'
763 3504 813 3575 [an
824 3507 864 3561 ‘te
879 3505 974 3578 (csse)
987 3507 1089 3564 foram'
1098 3513 1123 3584 1]
