2422 3976
363 158 436 214 VIII.
465 158 618 214 CARMEN
636 158 685 214 DE
704 157 731 213 S.
750 158 867 215 Lucis.
1058 158 1121 224 129

101 321 198 389 'Mors
222 322 348 386 animat
369 322 484 388 nolens
508 326 541 386 et
564 322 626 386 sub
647 343 726 387 nece
747 321 817 386 vita
840 320 977 387 fovetur.

54 429 89 479 55
107 411 252 476 Muneris
276 410 349 493 <est
353 410 384 494 ,>
409 433 428 476 o
452 409 589 495 Christe,
612 411 692 497 tui,
699 410 785 496 quod
810 410 940 475 faenore
963 409 1024 475 tali

108 499 242 566 Crescat
265 499 349 564 ovile
372 503 465 563 tuum
490 520 567 585 grex
591 502 625 563 et
647 493 817 564 confossus
840 499 992 564 abundet.

109 588 173 654 Ore
196 592 254 654 tuo
278 587 378 652 scitur
401 587 545 652 frument
531 591 600 652 tum
623 587 827 672 fructificari,

109 675 191 743 Cum
215 677 362 741 moritur.
403 675 496 777 Quod
518 676 651 761 virgot
636 677 698 741 tibi
722 676 838 742 devota
861 668 962 741 Lucia

109 763 175 831 Sub
199 766 319 830 teneris
344 765 438 830 anule
461 768 547 830 tract
549 765 627 830 abat
613 769 758 830 ttmene
780 764 957 867 prosumia,

54 873 89 922 55
109 854 199 930 Quae
221 854 320 920 matri
343 875 514 938 compassa
537 868 623 940 suae,
644 891 682 901 -
703 877 780 919 nam
804 853 973 939 sanguinis
995 853 1082 919 unda

110 941 335 1008 Contristabat
359 959 431 1008 earn
454 943 582 1008 misero
598 906 637 1008 (Ie
661 964 796 1028 corpore
818 943 932 1007 labens

109 1032 256 1108 Quatuor
279 1053 438 1116 annorum
462 1032 612 1117 spatiis
602 1041 669 1097 ram
691 1031 820 1097 cardine
842 1031 966 1112 versis,

109 1119 269 1206 Tempore
288 1142 386 1206 quarn
409 1124 482 1185 tant
484 1142 503 1184 0
468 1121 718 1185 tmedicorum
742 1141 796 1183 ars
819 1119 909 1184 nulla
930 1119 1118 1185 iuvabat—

108 1207 154 1273 Ut
140 1210 301 1292 tpariter
322 1212 472 1292 peterent
494 1207 585 1312 Agat
571 1209 680 1273 t'hen
670 1230 737 1272 ram
760 1208 910 1293 caespite·
926 1212 1080 1292 tectam,

55 1314 89 1364 55
109 1295 208 1362 cuius
233 1297 314 1363 odor
337 1300 468 1363 sanctus
491 1297 616 1380 passIm
638 1318 697 1382 per
720 1297 865 1381 compita
886 1295 979 1361 fusus

107 1385 222 1470 Longa
246 1383 436 1469 Syracusiae
459 1385 705 1470 comprenderat
728 1385 870 1468 undique
892 1385 1013 1469 plebes
1035 1420 1073 1432 -

109 1469 264 1538 Vultibus
287 1473 350 1538 hnc
372 1474 485 1559 pronis
508 1474 629 1538 ardent
646 1495 836 1538 concurrere
859 1474 955 1537 multi
979 1506 1022 1520 -

107 1562 327 1626 Praemonuit.
303 1561 530 1648 tPergunt:
553 1554 738 1628 condictum
760 1562 848 1627 facta
871 1566 1057 1646 sequuntur

107 1651 194 1716 Ecce
218 1651 372 1716 salutaris
396 1654 543 1716 sacratur
565 1651 675 1716 hostia
699 1651 826 1716 summo

55 1758 88 1806 ‘10
107 1739 262 1805 Aetheris
285 1742 359 1804 auct
360 1740 420 1823 ori,
445 1760 509 1826 quo
532 1753 603 1805 sese
627 1740 770 1824 supplice
792 1742 871 1804 voto
895 1741 929 1803 et
1133 1759 1211 1822 eru

107 1828 216 1894 Mente
239 1833 340 1893 ruunt
362 1831 451 1910 tota,
478 1829 585 1912 pretio
609 1830 684 1913 quia
706 1850 803 1914 posse
825 1828 916 1892 beari
1144 1831 1208 1871 ⁰⁰¹4

109 1915 150 1982 Se
173 1918 233 1982 tali
256 1917 399 1982 creduut.
443 1915 581 2003 Legitur
603 1917 683 1982 haec
705 1917 803 1982 lectio
828 1936 933 2000 sacra,

108 2004 198 2079 Quae
220 2009 347 2090 narrat,
370 2005 493 2071 domini
517 2006 594 2090 quid
616 2006 746 2071 fimbria
769 2011 867 2090 rupta
889 2005 1030 2091 peregit,

109 2091 191 2158 Cum
214 2095 330 2159 mulier
353 2095 508 2160 traxisset
531 2116 602 2159 eam
625 2095 706 2160 bene
730 2095 795 2159 fida
819 2094 883 2158 sibi
906 2093 1004 2178 clam,

56 2199 90 2249 75
110 2181 199 2257 Quae
223 2183 338 2247 morbo
362 2183 462 2248 simili
484 2187 636 2248 vexatam
659 2205 693 2248 se
717 2205 787 2248 esse
811 2182 951 2249 dolebat.

111 2269 249 2355 ‘Malea'
274 2268 321 2336 ait
344 2272 462 2338 dilecta
475 2272 554 2425 ᾖ(155,
576 2271 618 2336 ‘si
641 2294 717 2337 vera
739 2272 840 2338 fuisse

108 2358 238 2424 Asseris
261 2359 341 2425 haec
363 2362 414 2426 int
399 2365 489 2426 ttran
490 2383 552 2447 que
575 2361 671 2426 modo
695 2363 743 2426 tui
766 2365 840 2445 pect
826 2361 908 2426 toris
933 2364 1076 2446 antrum,

109 2448 198 2524 Quae
221 2449 324 2513 lector
346 2448 523 2514 55155555
513 2471 549 2514 55
570 2454 700 2515 nostras
723 2451 856 2534 impulit
878 2471 981 2534 aures,

109 2537 181 2601 Hoc
204 2538 360 2602 meruisse
383 2538 540 2624 Agathan
561 2560 622 2623 pro
646 2537 769 2603 Christi
743 2539 922 2602 tuemine
945 2559 1077 2622 passam

55 2645 89 2692 80
111 2622 213 2691 Orede
236 2625 373 2690 fidet
321 2629 407 2704 tet,a
431 2627 515 2711 quod
540 2646 649 2691 secum
671 2630 819 2711 tempore
843 2630 959 2692 cuncto

107 2713 204 2779 Hunc
226 2714 360 2794 habeat,
383 2677 470 2780 diros
493 2736 554 2798 pro
578 2716 668 2780 cuius
691 2736 803 2780 amore
826 2714 954 2779 dolores

107 2802 186 2868 Pert
187 2803 257 2867 ulit.
302 2802 397 2890 Ergo·
418 2826 546 2869 sacrum
568 2803 657 2868 illius
681 2803 832 2888 continge
857 2803 1053 2887 sepulcrum,

108 2891 153 2955 Et
177 2891 241 2957 cito
264 2896 297 2956 te
321 2915 432 2957 sanam
455 2893 561 2978 fugiet
583 2893 664 2957 haec
686 2891 828 2977 pessima
851 2892 953 2976 pestis

108 2979 153 3044 Et
176 2984 209 3044 te
233 2986 379 3046 curatam
403 2981 579 3046 laetaberis
603 3002 673 3046 esse
695 3002 754 3066 per
778 2978 914 3045 aevum?

55 3087 89 3137 85
109 3068 170 3132 His
195 3068 290 3133 dictis
312 3074 444 3135 vertunt
466 3073 633 3155 prostrato
657 3091 792 3154 corpore
817 3072 941 3133 mentes

108 3157 160 3220 Ad
183 3178 293 3242 regem
317 3179 431 3243 regum
455 3159 575 3224 solatia
597 3158 659 3222 rite
681 3160 844 3242 rogantes,

179 3319 214 3368 55
239 3314 299 3370 ‘est’
326 3315 430 3369 excidit
454 3314 572 3369 ‘'lanors
643 3319 677 3368 55
700 3312 867 3368 h³abundet’
938 3314 1002 3369 62³
1004 3313 1117 3396 spaciis’

109 3389 144 3440 54
164 3385 294 3455 ‘cespite’
348 3391 381 3440 55
401 3385 553 3455 ‘competa’
606 3385 665 3438 55*
668 3384 824 3439 5155555155’
877 3392 912 3440 58
932 3383 1117 3440 ‘Premonuit’

109 3461 143 3510 69
160 3456 288 3512 ‘histem
305 3456 405 3512 tostia’
423 3455 589 3554 glossatoris
607 3454 680 3510 illud
693 3454 806 3510 videtur
820 3471 880 3511 5555
896 3456 1118 3512 additamentum

109 3527 276 3596 ‘11³preci0’
334 3532 367 3582 82
389 3526 589 3597 ‘sepulchrum’
645 3531 680 3582 84
701 3527 837 3583 ‘lactabis'
894 3532 927 3582 85
949 3525 1077 3582 5515515*

161 3625 246 3666 Hm
204 3636 246 3668 555
248 3636 291 3680 55,
264 3627 336 3667 sV1
326 3636 385 3667 mr
400 3635 550 3668 susurronum
943 3621 959 3668 9
