2422 3976
160 199 225 263 134
412 198 486 254 vm.
516 198 668 254 OARMEN
688 198 736 253 DE
756 198 783 254 S.
797 195 918 255 LUOIA.

158 362 311 447 Amplius
335 362 387 426 his
411 362 477 427 illis
501 362 678 447 pulsabant
701 362 809 427 sidera
831 362 958 427 verbis:

159 449 290 516 ‘Omnis
312 451 449 536 perfecit
472 451 567 515 bene:
597 451 703 516 surdis
726 451 866 515 reddidit
889 455 1005 517 ectum

158 539 256 605 Auris
280 561 379 605 necne
404 562 481 605 suae
503 540 602 605 mutis
626 539 849 604 modulamina
870 539 985 606 vocis?

160 627 276 695 Cuncti
300 629 402 714 igitur
425 628 589 694 celebrent
614 629 722 694 studio
746 628 823 694 duta
846 630 1120 717 cunctipotentis,

88 733 141 784 215
160 717 249 793 Quae
272 717 391 782 tribuit
413 718 517 803 gratis
540 718 643 783 nimis
665 718 813 784 bonitate
836 718 999 784 iuvandis.

159 806 253 873 Unde
277 807 370 891 gravi
393 808 488 891 culpa
510 806 659 889 vincitur,
682 807 739 890 qui
760 806 933 873 benefacta

160 894 292 960 Oblitus
317 917 470 960 concessa
493 895 646 960 sibinen
669 895 709 960 ad
732 896 789 979 pis
811 894 917 960 laudis

158 983 271 1049 Munia
295 1006 329 1049 se
354 988 482 1050 exercet
507 1006 634 1049 summo
658 983 821 1049 reddenda
844 984 962 1049 datori.

159 1071 255 1138 Nunc
279 1073 423 1156 aptanda
447 1074 548 1156 quies,
571 1110 613 1119 -
637 1095 767 1138 cursum
788 1073 844 1138 via
866 1072 970 1158 longa
992 1073 1124 1162 fatigat
1141 1112 1180 1122 -

88 1175 140 1226 220
159 1160 205 1225 Ut
228 1161 366 1244 possim,
391 1160 476 1244 quod
498 1163 602 1225 restat
626 1161 740 1246 adhuc,
762 1182 950 1246 percurrere
974 1168 1163 1249 promptus.

238 1315 406 1370 EXPLICIT
424 1315 533 1370 LIBER
550 1316 695 1372 PRIMUS.
733 1315 868 1373 INCIPIT
889 1316 1099 1378 SECUNDUS.

114 1501 116 1506 Ι
158 1424 229 1490 Iam
252 1426 339 1492 vitae
363 1427 497 1492 diffusus
522 1448 613 1493 amor
636 1426 830 1492 venerabilis
854 1426 951 1491 huius

158 1513 308 1602 Virginis
333 1520 365 1580 et
389 1517 487 1602 vulgo
511 1517 669 1582 virtutum
692 1516 811 1580 nobile
826 1518 939 1580 nectar

158 1604 347 1689 Implcbent
369 1605 510 1689 populos
535 1627 669 1689 operum
693 1605 749 1668 lux
773 1609 806 1669 et
827 1604 901 1669 loca
923 1603 1041 1690 plura'
1126 1618 1130 1623 '

160 1690 357 1780 Spargebat,
382 1694 458 1777 quia
481 1715 575 1759 mons
597 1696 766 1778 porrectus
790 1693 825 1757 in
848 1693 951 1758 ardua
973 1717 1121 1782 magnus

54 1796 56 1801 ’
88 1796 139 1845 225
159 1780 236 1846 Νο11
259 1783 342 1846 lutet
366 1783 500 1847 obtutus
523 1783 699 1847 mirantum
722 1803 782 1848 nec
805 1783 927 1865 premit
949 1782 986 1847 in
1010 1804 1046 1849 se

158 1869 315 1956 Ingentes
338 1872 466 1937 modius
490 1871 589 1937 radiis
613 1871 821 1936 vibrantibus
844 1871 948 1956 ignes.

159 1958 251 2024 Haec
274 1959 416 2039 fuerent,
441 1982 522 2045 quse
545 1959 770 2044 gestatorem
794 1959 859 2024 cito
882 1958 972 2024 famu
996 1966 1152 2029 susurrat

158 2047 205 2112 Et
228 2052 271 2134 te,
295 2050 405 2134 stulte,
430 2049 536 2133 quatit
560 2048 701 2135 gravius,
723 2084 762 2094 -
782 2070 858 2113 nam
882 2047 1003 2114 dicitur
1026 2050 1081 2116 ira

158 2135 304 2203 Haerere
328 2139 363 2201 in
387 2138 496 2201 stultis
521 2174 563 2184 —
588 2137 644 2222 qui
667 2140 790 2202 tractas
813 2140 847 2203 te
869 2136 940 2201 fore
964 2158 1128 2223 sponsum

87 2240 141 2289 230
160 2224 307 2312 Virginis
331 2225 431 2308 illius,
456 2248 537 2309 quae
562 2224 694 2290 Christo
718 2227 785 2291 iam
808 2225 960 2291 societur.

159 2315 286 2378 Anxius
310 2313 460 2396 inquirit,
484 2313 512 2376 si
534 2312 631 2378 factis
656 2314 744 2379 dicta
767 2313 955 2398 cohaerent-3

159 2403 326 2468 Nutricem
353 2403 446 2465 caute
470 2402 607 2465 rimatur
630 2403 712 2467 scire
735 2404 906 2485 labemus,-
941 2412 948 2419 '

161 2489 322 2574 Quidquid
347 2491 451 2555 adhuc
475 2490 573 2555 dubia
596 2491 759 2574 pendebat
784 2492 975 2575 suspicione.

161 2579 251 2655 Quae
274 2579 443 2663 respondit
467 2579 497 2644 ei
520 2580 677 2645 sermonis
701 2581 798 2646 docta
820 2581 960 2667 figurem

88 2682 141 2733 235
162 2666 382 2751 Componens:
407 2667 509 2734 ‘Haec
532 2669 655 2734 credito
678 2672 729 2752 tu,
753 2691 835 2753 quae
859 2691 945 2734 nunc
968 2669 1031 2734 tibi
1053 2672 1180 2754 pando:

160 2756 288 2842 Sponsa
312 2757 378 2822 suis
402 2761 459 2822 tua
482 2759 555 2824 vult
579 2756 734 2842 quiddam
758 2757 973 2842 superaddere
996 2759 1096 2824 rebus

158 2846 204 2912 Et
226 2846 337 2911 vendIt
361 2847 531 2930 quaedam,
556 2847 673 2931 quibus
695 2847 777 2911 illud
801 2847 908 2911 carius
932 2850 1051 2932 exstat,

158 2935 207 3000 Ut
225 2935 331 3020 citius,
351 2958 448 3019 quam
471 2936 589 3020 possit,
614 2939 714 3019 emat,
739 2936 815 2999 dum
837 2940 987 3018 tempora
1009 2942 1165 3024 poscant,

160 3023 267 3102 Quod,
292 3025 318 3088 si
343 3025 481 3089 mercari
504 3025 638 3111 poterit,
662 3024 731 3089 sine
754 3025 819 3089 fine
842 3024 975 3090 tenebit.

86 3126 140 3176 240
161 3110 210 3177 Tu
234 3134 369 3197 quoque,
394 3113 422 3177 si
444 3113 526 3178 velis
549 3115 608 3180 illo
632 3135 698 3179 non
720 3113 790 3196 ipse
815 3135 933 3196 carcre,

232 3293 283 3341 211
306 3287 385 3342 ‘illis’
407 3303 444 3342 an
464 3288 549 3343 ‘tzlt’e
580 3288 699 3358 ‘sydera’
761 3294 812 3342 212
833 3288 940 3343 ‘tetum’
1001 3293 1054 3343 213
1075 3289 1175 3346 ‘Aera’

163 3358 226 3412 ‘nec
245 3358 290 3412 ne’
347 3365 399 3414 216
421 3359 502 3414 ‘benc
521 3358 607 3414 foetu’
665 3359 822 3414 221‘Iam’
845 3359 936 3428 prima
953 3357 1052 3415 littera
1070 3361 1178 3416 excidit

162 3427 264 3510 ‘amor'
289 3429 319 3484 in
345 3431 400 3485 fine
425 3447 522 3486 versus
550 3429 621 3485 falso
649 3430 801 3500 repetitum
828 3431 933 3485 ‘huius'
959 3446 1044 3499 supra
1071 3430 1177 3488 lineam

160 3500 313 3640 0100
333 3501 1177 3629 00001000000001
