2354 3946
571 719 589 791 I

488 876 683 960 Possm

82 1032 155 1114 ss.
172 1029 343 1112 unum
364 1030 435 1112 nu
455 1028 630 1111 Pium
650 1008 1092 1129 memororum,

352 1207 510 1280 FACTA
536 1206 828 1281 NERONIANA'
866 1206 870 1211 ’
917 1206 920 1211 ’

521 1382 532 1391 ,.
565 1344 613 1398 ΕΤ

194 1455 548 1532 EPIGRAMMAT'A
577 1454 730 1528 SUPER
757 1455 989 1530 OPERIBUS

385 1597 617 1671 APOSTOLI
643 1597 798 1670 PETRI.

510 1754 670 1764 ..μ-.-

257 1831 507 1942 innocuum
533 1874 633 1942 srvn
657 1875 920 1943 Pnoonmuu

239 2077 243 2084 .
264 1997 314 2050 Ao
333 1997 493 2067 pronun,
511 1995 639 2053 PAPAM
654 1996 762 2057 cums
781 1997 918 2053 noum
989 1991 991 1995 ’

86 2232 222 2295 Praesul
242 2230 389 2316 amande,
406 2232 482 2318 Leo,
503 2233 556 2298 hic
576 2233 686 2299 valeas
706 2255 765 2317 per
783 2233 912 2301 soeculo
930 2233 1042 2314 multa,

132 2321 292 2385 Posthaee
315 2320 370 2385 det
393 2320 522 2386 tibimet
545 2342 648 2406 regnu
670 2323 769 2387 beato
792 2323 880 2389 deus.

87 2408 177 2472 Inter
200 2410 380 2474 mundanas
402 2408 506 2474 furias
529 2410 719 2496 gladiosque
743 2411 895 2496 minaces,

133 2495 211 2570 Quis
234 2497 383 2562 Romana
406 2499 518 2563 tremit
542 2499 789 2582 concutiturque
813 2501 913 2584 quies,

55 2600 69 2647 c
88 2585 214 2649 Musica
236 2586 322 2650 forte
345 2586 422 2650 silet
444 2587 579 2653 maestis
602 2588 769 2653 contrario
792 2608 932 2671 semper:

134 2673 269 2758 Frigida
294 2674 340 2738 sic
364 2674 476 2740 calidis
499 2675 675 2741 dissociata
698 2681 840 2742 monent.

90 2762 184 2826 Nunc
208 2785 281 2827 cum
304 2762 410 2827 tristis
433 2763 537 2828 hiems
560 2763 644 2828 abiit
666 2762 818 2847 diraeque
841 2764 1013 2849 procellae,

134 2850 204 2914 Iam
227 2856 383 2916 resonent
406 2852 501 2936 lyrici
524 2851 748 2935 dulcisonique
771 2852 893 2934 pedes(

91 2937 149 3002 Sat
172 2943 267 3024 grata
290 2943 341 3004 est
363 2939 490 3023 requies
514 2943 590 3023 post
614 2939 710 3004 duros
734 2961 830 3023 saepe
853 2939 996 3024 labores3

40 3043 72 3090 ro
137 3026 240 3101 Quam
264 3027 308 3092 sit
330 3028 469 3093 amanda
492 3027 715 3113 sulus,·febris
738 3049 851 3095 umaro
874 3027 977 3093 docet.

163 3271 262 3328 Varia
285 3272 401 3329 lectio.
436 3271 638 3327 ‘Prohemium’
695 3271 812 3327 2‘Post
834 3273 915 3327 hcec'
973 3279 1105 3329 tversus

91 3346 205 3412 praeter
229 3344 302 3398 dues
327 3345 433 3412 primus
460 3343 570 3398 litteras
596 3343 729 3412 inferiore
753 3343 882 3415 margine
907 3342 968 3398 lolii
995 3347 1105 3401 resecto

94 3414 199 3468 excidit
216 3414 246 3467 in
264 3421 297 3481 1¹3
320 3419 340 3466 Β
360 3413 475 3469 exhibet
495 3414 627 3484 ‘hiemps’
650 3415 787 3485 ‘direque’
862 3421 878 3471 9
899 3416 989 3488 ‘sepe’

148 3512 276 3565 Hnusrnn,
291 3513 369 3553 Vmu
384 3522 536 3554 ssuorounu.
930 3511 946 3560 1
