2354 3946
112 119 153 183 86
343 115 498 171 VIRGILII
516 116 681 172 MARONIS
699 117 900 174 EPITOMAE.

111 269 246 352 dicitur,
271 292 308 335 eo
352 271 415 335 uod
438 270 565 335 occulta
586 270 753 355 peruideat
769 292 806 334 ac
820 271 1002 354 perlustret.
1039 276 1128 342 auria

111 376 148 419 eo
178 356 261 439 quod
292 292 421 420 auditus
450 357 604 420 sermonis
628 377 667 419 ex
688 355 823 419 internis
846 356 984 424 hauriat.
1024 363 1129 441 porus

111 461 150 503 ex
179 461 215 504 eo
244 441 329 524 quod
360 443 503 524 espectet
525 440 564 504 ad
587 441 691 505 cordis
714 443 851 518 secreta,
880 441 998 508 dicitur
1019 463 1039 506 a
1061 464 1129 526 pec·

109 525 224 603 tando,
241 526 273 589 id
290 528 339 588 est
354 525 578 606 discernendo,
594 525 679 589 unde
693 528 826 608 peccata
841 525 1005 591 dicuntur.
1034 529 1130 593 abere

83 626 96 666 s
111 609 240 672 nonnisi
255 610 424 674 mulierum
442 610 606 689 dicuntur,
629 630 711 693 quae
726 610 766 673 ab
781 610 927 674 ubertate
943 611 1037 676 lactis
1051 634 1129 677 nun·

109 697 283 777 cupanturr
305 695 334 758 si
351 696 422 779 quis
437 697 472 760 in
484 696 562 760 uiris
574 693 714 759 uoluerit
724 695 902 779 nominare,
919 695 1029 761 uirilia
1040 699 1131 762 erunt

109 800 189 862 quae
218 779 389 844 humorum
410 780 624 844 inundacione
648 779 831 844 exuberant.
867 785 979 846 uenter
1000 803 1020 846 a
1041 781 1131 846 uenti

109 864 284 947 spiramine
313 866 359 928 sic
387 864 519 947 dicitur;
550 865 625 948 quia
653 867 686 928 et
712 868 830 928 uentus
859 864 901 928 ob
928 864 991 930 hoc
1013 887 1131 930 nomen

109 949 244 1030 accipit,
262 947 347 1032 quod
362 969 419 1031 per
434 970 544 1013 omnes
561 970 674 1028 uenas,
692 948 832 1013 latebras
847 953 1019 1034 eretusque
1034 952 1131 1015 totius

71 1049 96 1088 10
109 1037 273 1095 creaturae
294 1033 471 1114 perueniat.
508 1033 620 1116 linqua
642 1033 853 1118 elinguendo
868 1033 998 1100 dicitur.
1030 1035 1137 1119 philo

108 1114 202 1199 sophi
229 1117 380 1180 uirtutem
408 1120 441 1181 et
463 1139 592 1182 cursum
613 1138 731 1183 manue
752 1121 785 1181 et
802 1119 897 1200 pedes
918 1125 1129 1199 uocauerunt,

108 1221 241 1283 quorum
269 1201 437 1265 nominum
465 1205 653 1286 monoptota
675 1202 846 1267 declinatio
869 1207 921 1266 est
941 1225 1002 1286 per
1023 1205 1132 1269 omnia

108 1304 243 1368 genera:
267 1307 285 1349 a
307 1306 385 1351 moa
400 1308 434 1350 er
459 1307 493 1368 o,
517 1287 579 1350 hoc
595 1291 644 1351 est
658 1287 794 1370 uirtute,
818 1307 935 1352 munus
950 1289 1130 1372 appellatae

109 1373 202 1451 sunt,
225 1373 257 1435 et
280 1392 375 1453 aper
396 1308 509 1454 pedes,
533 1371 616 1454 quod
638 1375 687 1436 est
702 1394 721 1435 a
737 1393 840 1436 cursu.
873 1392 973 1454 equus
988 1374 1030 1438 ab
1046 1373 1131 1458 equi·

71 1468 96 1509 1⁶
109 1457 176 1537 tate
199 1477 308 1519 cursus
330 1456 456 1520 dicitur.
493 1457 548 1520 air
570 1479 589 1519 a
610 1458 730 1520 uirtute
752 1457 954 1522 nominatur:
977 1459 1131 1524 muliera

108 1539 300 1604 mulitudine
332 1562 441 1606 sexus:
469 1561 551 1606 acor
573 1561 654 1624 quae
677 1563 696 1604 a
718 1541 789 1605 uiro
811 1541 918 1605 fuerat
938 1547 1077 1608 uxorata
1098 1544 1131 1608 in

110 1625 205 1690 coitu
241 1626 296 1690 sed
319 1627 416 1692 coitus
437 1626 632 1711 generaliter
647 1625 763 1689 dicitur
778 1626 881 1689 omnis
897 1629 1050 1692 coeuntia
1064 1629 1131 1693 siue

110 1710 237 1775 itineris
260 1712 328 1776 siue
351 1710 539 1775 concordiae
562 1711 630 1776 siue
659 1710 879 1775 conubiorum.
924 1731 978 1776 cor
1000 1716 1132 1778 uocatur

109 1816 128 1857 a
152 1797 358 1881 corruptione
381 1819 540 1861 sensuum.

69 1895 95 1934 ²⁰
195 1880 270 1946 Lar
292 1881 410 1945 dicitur
430 1903 555 1965 semper
569 1881 729 1961 caelestis,
751 1880 813 1943 hoc
828 1882 878 1944 est
893 1879 958 1945 diei
973 1881 1130 1966 solisque:

109 1971 142 2027 at
165 1964 269 2029 tumea
291 1966 457 2030 materiale
479 1970 542 2043 est,
565 1966 598 2029 id
614 1968 663 2030 est
677 1964 762 2049 ignis
779 1967 836 2028 aut
850 1964 1010 2031 lucernae.
1043 1988 1131 2049 aqua

108 2049 306 2129 generaliter
336 2049 453 2112 dicitur
480 2049 584 2113 omnis
613 2050 729 2133 liquor.
761 2051 861 2132 panis
889 2049 1008 2115 dicitur
1035 2072 1129 2117 omne

108 2131 191 2212 quod
218 2133 332 2215 pascit.
375 2135 473 2197 uiuos
501 2133 568 2196 siue
594 2133 633 2196 de
656 2133 767 2216 uinea,
797 2134 865 2198 siue
888 2134 974 2217 quod
997 2135 1131 2220 impleat

108 2235 218 2280 uenae.
257 2217 345 2281 lubio
375 2237 414 2279 ex
443 2216 551 2281 labore
579 2216 732 2300 loquendi
754 2217 921 2300 dicuntur,
951 2219 1024 2284 siue
1045 2222 1129 2304 quod

68 2312 95 2354 25
108 2319 165 2382 per
187 2301 286 2364 uerba
307 2300 461 2364 labuntur
482 2300 521 2366 de
547 2300 650 2385 lapsu.
688 2303 809 2384 lapides
837 2302 991 2367 dicuntur
1012 2305 1051 2368 de
1074 2327 1130 2370 sua

107 2384 335 2467 lampaditate‚
364 2385 441 2468 quia
469 2407 508 2450 ex
536 2387 581 2449 eis
604 2387 768 2471 lampades
791 2387 877 2470 ignis
900 2388 1129 2456 accenduntur.

107 2468 229 2550 lapides
250 2469 383 2552 pretiosi
406 2491 445 2534 ex
467 2470 565 2535 insito
588 2471 650 2535 sibi
673 2471 858 2555 splendore,
881 2472 972 2537 uelut
995 2495 1035 2538 ex
1054 2496 1130 2559 qua·

107 2552 180 2616 dam
203 2553 388 2637 lampadum
411 2556 621 2621 similitudine
646 2557 807 2620 nominati
829 2561 914 2621 sunt.
946 2577 1032 2625 soca
1053 2580 1129 2624 uero

107 2637 252 2702 inmania
274 2641 307 2702 et
327 2639 497 2705 inmobilia
519 2641 609 2706 uelut
632 2642 786 2724 quaedam
809 2645 951 2706 staturae
967 2642 1128 2709 dicuntur.

70 2727 198 2806 sopora
227 2722 266 2787 de
294 2723 411 2788 duritia
439 2725 563 2790 dicitur.
602 2727 668 2791 dies
688 2726 873 2790 nominatur
896 2747 915 2790 a
937 2728 1129 2810 quibusdam

110 2807 185 2892 quia
203 2809 262 2873 diis
275 2809 432 2874 iucundus
447 2814 511 2894 est3
534 2831 594 2874 nos
610 2810 744 2876 dicimus
760 2812 839 2892 dics,
862 2812 938 2895 quia
953 2833 973 2876 a
987 2813 1128 2878 tenebris

178 3021 191 3066 1
211 3014 317 3068 oculita
333 3013 368 3068 N
377 3014 415 3083 12
434 3013 527 3066 auriat
543 3012 577 3068 N
591 3015 601 3081 11
618 3019 634 3068 5
651 3014 803 3070 hubertate
821 3015 855 3071 N
868 3017 906 3085 116
924 3015 987 3082 quie
1004 3030 1056 3072 om.
1073 3016 1108 3070 N
1114 3015 1127 3085 11

108 3097 248 3205 1101111ῗίἱί
265 3099 299 3152 Ν
307 3100 346 3167 118
364 3094 461 3154 ventus
472 3097 506 3153 N
515 3098 525 3166 11
540 3103 570 3152 10
588 3099 720 3154 creatura
736 3101 771 3157 N
780 3104 790 3172 11
803 3109 833 3156 11
853 3103 909 3172 ped
927 3100 955 3167 (d
973 3101 1055 3169 corr.)
1072 3101 1107 3156 N
1114 3099 1127 3170 ΙΙ

110 3220 141 3266 12
160 3177 257 3269 deecios
269 3216 304 3272 N
313 3218 322 3285 11
336 3217 431 3271 omnia
448 3233 482 3273 ec
499 3233 611 3271 ornnem
623 3217 723 3340 1111113
735 3237 752 3274 a
783 3237 817 3274 ea
830 3221 887 3286 ilr)
899 3220 934 3273 N
943 3219 953 3289 11
966 3224 1000 3273 14
1011 3224 1129 3288 mequos

108 3280 142 3333 N
157 3283 172 3359 11Ι
181 3288 212 3335 16
230 3284 411 3362 mulitudine]
435 3283 592 3363 foetidam
610 3301 663 3368 pao
700 3303 746 3341 mo
772 3285 877 3339 'tudine
890 3288 900 3353 11
917 3287 1032 3408 fuerat&
1043 3287 1129 3342 fuerit

108 3347 171 3400 Mur
185 3349 194 3414 11
209 3355 239 3402 18
253 3351 435 3405 cenobiorum
446 3353 481 3409 N
489 3354 499 3422 11
512 3359 545 3408 23
557 3370 636 3407 vmue
647 3356 691 3422 (a-
698 3369 733 3406 m.
745 3353 794 3414 al.)
806 3352 840 3405 N
848 3353 858 3416 11
872 3358 904 3406 26
917 3352 1013 3421 lampa
1034 3372 1065 3410 es
1087 3355 1127 3409 la·

108 3413 232 3482 pidesN
237 3418 378 3472 corallici
390 3420 399 3487 11
413 3426 446 3473 27
456 3423 512 3489 θη]
525 3422 596 3475 etN
605 3423 614 3488 11
628 3425 660 3473 28
669 3417 830 3484 lampadam
839 3418 873 3471 N
882 3420 892 3485 11
905 3421 971 3488 31a]
980 3423 1049 3478 add.
1089 3423 1129 3478 αἱ.
