2354 3946
437 193 484 252 111.
510 194 559 248 ne
579 194 710 254 osseo,
1022 199 1082 264 139

10 345 13 435 ζ
57 348 152 413 etism
181 346 434 431 inehogatiuem
468 348 619 412 omnibus
647 348 926 433 coniugationibus
960 353 1083 434 tempo·

10 438 15 525 l
57 434 144 497 ribus
171 432 288 496 uerbis
316 431 497 497 ministrare
520 432 646 497 dicebat
668 436 705 497 ut
731 435 846 499 calesco
872 435 1019 518 calescet,
1050 440 1083 501 et

58 519 92 603 in
117 517 265 581 secunda
294 537 433 600 persona
459 517 602 597 calamit·
633 522 666 582 et
692 519 751 582 tali
780 519 873 583 modo
903 520 937 582 iu
965 520 1081 603 plurali

60 622 192 668 numero
215 601 424 668 oalesouimus
443 602 595 667 coluistis.
629 602 756 667 dicebat
770 604 867 667 etiem
883 605 1083 688 unumquod-

61 708 119 773 que
151 686 295 751 uerbum
330 685 409 750 dues
439 686 558 751 hebere
590 686 710 751 formas
744 687 1000 771 frequentatione
1028 689 1081 753 uel
1107 709 1120 749 s

61 775 123 870 tros
144 775 183 869 nt
206 772 274 869 {eqo
296 771 371 836 letto
393 771 482 853 leyr‘to
504 772 617 856 leotit03
642 774 674 835 et
695 771 754 835 hos
776 775 849 870 tres·
864 773 986 856 primae
1006 795 1081 838 oon·

60 854 495 1040 ttlt‘tttlttbt
512 855 1081 1026 itt?tttttttttllttlttl

10 1060 12 1067 ·
61 1045 161 1093 aeoeoo
182 1044 296 1093 avt-500.

142 1108 204 1177 Oui
237 1108 408 1174 Sedulus
437 1108 620 1192 Romanus,
650 1110 701 1174 uir
734 1111 917 1176 ammodum
948 1112 1081 1196 ingenio
1096 1133 1120 1172 10

63 1199 171 1260 sentus
193 1197 293 1278 atque
309 1193 493 1277 eloquentia
507 1195 586 1259 satis
601 1194 746 1278 floridus,
771 1197 880 1260 taliter
894 1218 1081 1281 responsum

64 1279 358 1377 nonpositissimum
380 1278 482 1344 dedit:
516 1301 536 1343 o
558 1279 609 1343 uir
630 1280 715 1344 bone
738 1301 776 1344 sc
798 1281 966 1346 mitissime
990 1282 1080 1369 ciuis,

62 1364 128 1431 noh
149 1364 285 1428 turbare
308 1362 420 1427 sedata
441 1363 663 1428 Romanorum
685 1364 819 1448 scripta,
846 1387 926 1448 quae
949 1367 988 1430 eb
1010 1369 1081 1450 ipse

61 1447 232 1513 latinitatis
252 1448 479 1513 constitutione
493 1449 612 1513 inlessa
628 1451 661 1513 st
675 1449 866 1514 inconeussa
881 1472 967 1516 nune
982 1473 1081 1534 usque

60 1532 286 1617 perdurarunt.
323 1532 382 1596 has
410 1535 529 1597 etenim
558 1534 730 1598 uerborum
759 1534 878 1599 formas
901 1537 965 1600 suis
988 1536 1081 1599 lineis
1095 1554 1120 1594 15

60 1639 182 1703 suoque
193 1616 459 1683 ordineRomane
467 1618 730 1702 eloquentissimo
742 1639 936 1702 conposuere
949 1620 1080 1703 scripte,

60 1706 97 1767 nt
115 1705 225 1768 forms
246 1702 487 1785 frequentetiue
508 1704 603 1767 certis
625 1704 733 1767 uerbis
760 1705 900 1767 secedat.
946 1704 974 1767 si
996 1705 1081 1768 enim

60 1788 213 1853 omnibus
234 1787 343 1851 uerbis
365 1786 498 1851 eandem
514 1787 652 1853 formam
669 1788 817 1853 secedere
833 1788 969 1851 fidenter
983 1809 1080 1852 esser·

61 1871 179 1951 rueris,
212 1892 343 1937 neeesse
364 1872 498 1936 habebis
521 1872 667 1957 exempla
689 1872 847 1956 proferre,
870 1872 985 1955 quibus
1008 1894 1080 1936 sen-

59 1959 182 2021 tentiae
209 1960 285 2021 tuse
306 1956 514 2022 manifestum
537 1958 687 2022 ostendes
709 1957 963 2041 probamentum.
1000 1957 1081 2021 nulli
1095 1976 1119 2015 so

60 2040 182 2107 etenim
204 2039 256 2106 fus
278 2045 329 2139 est
349 2045 477 2139 proeter
499 2042 620 2107 usitate
641 2043 739 2107 uerba
754 2042 875 2140 aliquid
892 2042 996 2122 eloqui
1012 2041 1081 2105 sine

59 2126 1082 2296 ltlpttlttlt?plaltltltmtttttrtrutt

61 2318 126 2363 esse
154 2297 413 2380 frequentatiuae
441 2300 564 2361 formae
592 2298 792 2361 incrementa
821 2302 853 2361 et
874 2297 1082 2382 inohogatiue

60 2382 151 2465 bina,
174 2379 283 2465 plenis
305 2381 463 2445 maiorum
484 2382 662 2465 approbato
678 2382 849 2464 exemplis,
873 2385 910 2446 ut
925 2383 952 2446 si
968 2404 1082 2466 appro-
1096 2398 1121 2438 ²5

60 2467 187 2531 teneris
218 2465 261 2530 du
285 2464 380 2530 lioem
407 2466 502 2531 nobis
530 2467 668 2551 gratiam
699 2468 862 2531 conferes:
896 2469 928 2530 te
962 2467 1080 2531 etenim

60 2552 207 2617 ueritatis
234 2488 432 2615 assertorem
461 2551 655 2616 monstrabis
688 2555 721 2615 et
753 2573 813 2616 nos
842 2552 971 2635 horum,
1001 2572 1081 2635 quae

61 2636 194 2703 fortasse
217 2635 349 2719 penitus
372 2635 605 2719 ignorauimus,
629 2639 777 2718 expertos
798 2636 908 2700 facies.

140 2718 206 2787 cui
226 2719 405 2804 Regulus
426 2720 527 2785 multa
549 2743 587 2785 ex
611 2724 756 2784 ueterum
779 2722 969 2786 auctoritate
991 2742 1082 2804 pree-

61 2807 194 2871 teudens
226 2804 385 2889 quaedam
413 2826 452 2868 ex
473 2805 535 2869 hiis
562 2827 644 2889 quse
672 2804 796 2870 dixerat
823 2806 989 2870 uerissima
1012 2826 1081 2868 esse
1094 2820 1120 2859 ³0

113 2890 221 2969 benit,
260 2888 422 2954 nonnulla
454 2910 563 2954 eorum
599 2890 727 2973 penitus
761 2896 844 2955 stare
876 2911 943 2953 non
976 2909 1080 2970 posse,

74 2975 238 3041 ortissima
270 2973 480 3038 distructione
513 2975 678 3039 conuictus
707 2977 764 3039 est.
807 2998 844 3039 ex
874 2973 936 3037 hiis
964 2977 1081 3045 eutem,

65 3080 137 3144 quoe
159 3082 241 3126 uera
264 3080 335 3124 esse
356 3057 437 3122 nulli
461 3057 661 3133 dubitantur,
692 3060 830 3142 exempli
853 3058 959 3141 gratia
980 3076 1081 3137 pauca

10 3272 12 3279 ·
118 3264 246 3319 ronam
266 3276 302 3316 ex
320 3260 397 3314 enim
414 3260 471 3329 Nl
488 3260 531 3313 ef.
551 3244 666 3329 congru
682 3261 716 3313 n
730 3262 739 3329 ιι
757 3263 772 3312 s
791 3259 874 3312 uuae
892 3257 926 3310 n
939 3257 949 3324 ιι
961 3255 1076 3309 dicebat

65 3362 159 3425 fimf.
172 3382 210 3421 ex
227 3363 283 3428 ol)
301 3361 337 3416 N
345 3362 357 3430 fl
372 3366 403 3414 14
419 3348 545 3415 in⁰eussa
556 3362 589 3414 N
599 3362 609 3430 l
624 3367 654 3414 18
667 3359 788 3414 eundem
799 3360 833 3413 N
842 3361 852 3428 ΙΙ
865 3370 1036 3412 asserrueres
1050 3357 1084 3411 N

65 3432 112 3499 ll²²
126 3434 237 3505 pingue
255 3430 302 3497 N,
324 3428 435 3499 pendat
450 3428 516 3483 Mai
527 3429 537 3498 ss
550 3436 583 3483 25
595 3430 615 3482 f.
634 3427 839 3497 approbatieris
856 3427 890 3481 N
904 3440 972 3481 corr.
989 3421 1055 3478 Mai
1068 3426 1081 3495 ΙΙ

64 3502 118 3557 ut
133 3498 352 3573 praetendeens
369 3496 408 3552 N.
