2354 3946
115 188 180 252 114
393 187 454 244 VII.
482 185 611 242 PASSIO
631 185 657 241 S.
677 185 848 244 hunum

113 350 207 417 Unde
232 372 313 435 opus
337 354 387 415 est
410 350 488 415 dicti
511 353 663 434 coeptam
687 371 881 435 componere
905 351 1061 416 causam?

115 439 232 505 Servus
249 440 381 520 *habens
405 437 543 522 Christi,
567 438 605 503 de
629 459 692 522 quo
717 437 865 503 diffusius
888 439 1031 505 imbrem

115 528 291 613 compluat
314 527 447 612 eloquii,
471 527 523 592 cui
547 527 641 611 copia
663 527 762 612 plena
784 526 942 611 loquendi

43 633 95 684 780
114 616 321 702 Facundique
345 616 434 681 modi
456 621 570 700 tropos
594 618 627 680 et
651 615 818 681 schemata
841 615 981 700 dictant,

114 704 162 771 Ut
184 706 223 770 de
246 706 400 771 thesauro
422 727 508 769 nova
530 704 677 789 proferat
700 709 733 768 et
755 708 924 788 veterana,
949 740 993 751 -

114 794 191 860 Non
214 795 296 859 latet
318 794 381 860 hoc
405 794 573 878 quosdam,
597 792 683 877 quod
706 814 815 856 rerum
838 793 989 858 conditor
1012 793 1091 859 olim

114 883 321 968 Praeciperet
344 883 391 948 sic
414 882 531 946 laturis
554 902 613 967 per
635 881 779 964 compita
801 881 904 946 cosmi

114 971 264 1037 Virtutes
288 971 371 1036 eins:
395 971 484 1036 ‘Non
507 970 545 1034 de
569 969 722 1034 sermone
740 970 870 1051 futuro*

44 1077 96 1127 780
116 1061 194 1126 Ulla
218 1060 263 1123 sit
286 1062 320 1122 in
343 1059 437 1124 vobis
460 1058 644 1141 meditati03
671 1080 748 1122 nam
771 1059 856 1123 dabo
878 1058 984 1144 vobis,
1025 1084 1028 1091 ·

116 1146 194 1223 Quis
218 1146 334 1211 cedent
357 1168 468 1210 omnes
492 1146 625 1225 rabiosi,
648 1168 685 1211 os
710 1150 808 1231 atque
832 1146 997 1232 sophicm'
1012 1185 1056 1194 -

115 1234 325 1302 Confidenter
348 1234 408 1300 sit:
432 1232 531 1298 ‘Heul
554 1255 614 1299 vos
639 1235 756 1319 quibus
780 1257 851 1300 esse
874 1236 1021 1320 putarim

115 1322 321 1406 Consimiles,
344 1344 425 1408 quos
449 1324 620 1387 coniurent
643 1323 743 1387 etiam
767 1325 851 1389 male
876 1325 949 1388 sani
1145 1345 1177 1386 r<

115 1412 192 1479 Non
216 1413 288 1477 sani
312 1411 429 1497 capitis
452 1411 532 1497 fore,
557 1412 643 1496 quod
666 1412 815 1477 videatur
837 1413 949 1497 imago

45 1501 271 1569 79011100οἰ0
294 1501 420 1586 mortis,
443 1501 499 1586 qui
523 1501 672 1565 sensibus
695 1501 860 1566 evacuatis

114 1590 285 1657 Fautorem
309 1595 453 1656 vestrum
476 1589 618 1674 nescitis,
642 1589 714 1674 quis
738 1591 795 1675 sit,
819 1589 942 1655 stillis

115 1678 210 1745 Colla
234 1679 328 1761 datis,
352 1700 435 1763 quse
459 1678 553 1743 corde
577 1681 690 1743 carent
712 1681 745 1742 et
768 1700 856 1762 voce,
879 1679 1005 1764 figuris,

116 1768 204 1845 Quas
226 1767 337 1834 facitis
361 1770 534 1850 vestroque
558 1788 652 1831 suum
676 1766 736 1830 sub
760 1767 878 1849 pollice
902 1769 1032 1832 vultum

115 1856 316 1942 Expressum
340 1855 535 1921 simulant?
578 1854 641 1920 ‘Da
662 1854 780 1939 nobis‚'
803 1878 861 1920 rex
885 1856 932 1920 nit
954 1855 1022 1940 ille,

345 2061 378 2072 -
397 2030 546 2087 Exsecntio
566 2030 701 2087 orationis
719 2029 848 2099 inceptae
868 2060 901 2070 -

46 2155 96 2206 790
117 2139 197 2216 Quis
221 2139 279 2223 sit,
302 2161 399 2223 quem
422 2139 512 2222 dicis,
537 2139 629 2226 deus3
652 2140 711 2205 ebs
734 2144 767 2204 te
791 2140 914 2205 discere
937 2140 1082 2224 quaero?

115 2227 201 2292 Ecce
224 2227 425 2290 vomitione
448 2228 542 2292 vivus
567 2250 678 2312 aquas,
701 2229 740 2294 de
763 2229 893 2313 gurgite
917 2226 1044 2294 Christi

117 2314 204 2391 Quas
228 2314 330 2379 traxit
352 2314 474 2398 populo
499 2314 686 2380 sitientibus
710 2319 808 2400 atque
831 2317 996 2382 iumentis.

115 2402 230 2484 Ebibe,
253 2424 324 2485 rex,
348 2424 523 2487 omnesque
539 2405 610 2489 tui,
634 2426 716 2489 quae
739 2405 840 2470 verba
863 2404 1032 2470 ministrat

116 2490 275 2556 Arnulfus
299 2490 402 2576 vobis,
425 2495 519 2575 poter
543 2494 696 2579 optimus,
719 2494 931 2578 eloquiorum.

46 2597 98 2648 800
119 2579 232 2644 ‘Primi
254 2584 388 2664 peccato
412 2581 528 2647 cecidit
550 2581 691 2650 faciente
712 2583 857 2668 parentis

116 2668 305 2734 Humanum
329 2691 430 2755 genus
455 2674 553 2756 atque
577 2694 636 2738 suo
659 2674 737 2759 iuge
760 2672 842 2736 duro
865 2670 1010 2755 chelydri

117 2758 281 2842 Imposuit
304 2759 400 2843 collo,
424 2760 485 2824 snb
510 2782 573 2844 qua
596 2784 744 2846 pressum
768 2760 891 2826 ditione

116 2847 309 2933 Longinquo
334 2848 447 2933 iacuit,
471 2849 546 2912 heu!
570 2844 727 2932 tempore,
751 2848 851 2914 donec
875 2848 916 2912 ad
937 2847 1004 2912 ime

116 2935 265 3002 Mitteret
286 2936 451 3022 ingenitus
475 2936 622 3022 genitum
645 2939 738 3020 pater
762 2936 803 3000 ob
827 2937 1000 3022 pietatem,

47 3041 99 3091 000
119 3024 189 3100 Quo
212 3047 271 3090 nos
296 3025 418 3090 dilexit
460 3024 523 3101 Qui
544 3023 611 3087 iam
635 3024 673 3088 de
696 3023 827 3088 flamine
852 3030 967 3090 sancto

189 3277 240 3326 777
256 3271 390 3341 ‘ceptum’
447 3274 499 3323 778
516 3265 641 3322 ‘Servus'
662 3284 679 3322 a
697 3283 845 3336 superscr.;
868 3269 1022 3339 respondet
1042 3278 1093 3328 787
1113 3273 1132 3327 b

118 3358 203 3410 supro
219 3341 283 3396 ‘ait'
329 3348 380 3397 780
396 3339 544 3395 ‘scemata’
588 3342 640 3392 781
657 3337 759 3393 ‘Unde'
776 3339 789 3390 t
807 3354 943 3421 superscr.
986 3345 1038 3395 783
1055 3343 1132 3399 ‘Pre-

119 3412 235 3480 ciperet’
250 3412 403 3483 ‘competa’
448 3417 499 3466 786
512 3407 671 3464 ‘rabiosios’
715 3413 766 3463 788
779 3409 951 3464 ‘coniurent’
964 3426 979 3464 e
994 3429 1130 3482 supersor.

119 3481 155 3535 ‘et
177 3482 245 3536 iom’
318 3488 369 3536 791
391 3482 464 3552 ‘quio
486 3481 548 3537 scit’
619 3479 762 3548 '192‘que''
784 3510 817 3518 -
839 3479 998 3536 ‘Executio'
1020 3513 1055 3524 —
1080 3490 1131 3540 798

119 3550 283 3606 ‘Ebiberex'
306 3552 384 3620 ‘que'
441 3558 492 3608 799
513 3550 660 3606 ‘obtimus’
717 3555 767 3604 801
789 3550 929 3606 ‘chelidri’
