2354 3946
129 112 189 177 154
351 109 505 165 VIRGILII
523 109 690 165 MARONIS
707 109 919 166 EPISTOLAE.

126 264 302 328 secundum
321 262 401 327 illud
418 265 576 328 Aeneae
591 263 740 328 dicentis:
764 282 850 345 reyes
865 262 1029 328 Romanos
1044 284 1148 345 acqua

126 353 261 414 daero
293 349 446 414 amteata'a
478 349 632 414 aodimus
660 353 689 413 et
713 348 851 433 fidimus.
894 345 1058 411 sufficeret
1085 349 1147 412 dici

126 434 297 515 credimus,
325 434 390 496 nisi
412 433 487 515 quia
510 432 705 497 sententiam
727 432 888 496 affirmare
910 431 1025 500 uoluit.
1063 432 1148 495 affir-

128 521 236 581 matur
257 519 355 582 etiam
375 517 438 582 hoc
453 517 578 582 dicendi
593 521 679 582 statu
693 516 799 596 uerbi,
824 537 896 580 cum
912 515 1048 580 dicimus
1062 518 1149 582 uenit

101 604 233 684 stupuit
258 604 320 667 air.
359 603 421 666 hoc
449 622 507 685 pro
536 601 751 666 affirmatione
777 602 921 683 tantum,
953 601 1039 665 ratio
1062 601 1147 665 enim

127 688 173 751 sic
195 687 328 750 haberet
348 688 435 752 uenit
455 687 602 768 inquiens
623 688 686 752 air.
719 686 775 749 sed
797 685 873 768 quia
895 685 923 748 si
944 684 1078 749 modum
1101 686 1146 750 in·

126 772 303 835 dicatiuum
331 771 365 834 in
394 793 459 835 una
487 771 627 835 dictione
656 770 853 854 duplicatur,
883 773 1001 851 putant
1030 791 1065 834 se
1086 769 1148 833 for-

126 857 242 920 tiorem
266 857 370 920 iacere
392 856 602 939 sententiam,
622 856 741 920 ideirco
764 855 898 918 uerbum
919 855 1029 936 inquit
1048 855 1147 938 parti·

127 941 223 1022 cipali
244 939 340 1003 modo
363 945 503 1022 ponunt,
528 941 584 1004 sed
605 943 715 1004 tamen
737 960 810 1003 cum
837 937 1041 1021 subponatur
1060 941 1147 1023 prius

88 1047 113 1086 10
127 1025 283 1105 loquitar:
310 1045 386 1087 nam
412 1028 656 1107 praeposterato
683 1023 794 1089 ordine
816 1023 979 1087 scribendi
1000 1023 1049 1088 aio
1071 1023 1147 1088 dicis

124 1109 138 1172 τ’
181 1109 229 1171 ait
249 1108 346 1171 uenit.

138 1127 181 1189 w
209 1190 401 1275 Inchogatio
430 1193 465 1255 in
494 1214 559 1256 una
588 1196 714 1257 tantum
742 1189 833 1256 uerbi
862 1191 970 1255 forma
996 1189 1144 1267 habetur,

125 1296 206 1357 quae
221 1275 327 1339 forma
341 1276 382 1340 ob
396 1275 459 1341 hoc
473 1277 682 1362 inchogatiua
696 1277 825 1354 dicitur,
843 1276 919 1359 quia
932 1278 1145 1358 praeteritum

124 1363 251 1443 tempus
273 1382 339 1424 non
360 1360 492 1443 habeat,
516 1366 554 1426 ut
574 1363 699 1429 calesco.
732 1381 926 1444 quamquam
948 1359 1046 1424 multi
1061 1360 1145 1426 Lali·

87 1466 113 1506 15
125 1466 239 1508 norum
255 1443 392 1509 diffinite
407 1445 571 1510 affirment
585 1446 711 1510 nullum
725 1445 816 1509 uerbi
830 1445 901 1508 fieri
916 1445 1045 1529 debere,
1063 1446 1146 1530 quod

124 1531 332 1613 praeteritum
359 1533 486 1614 tempus
515 1553 583 1595 nou
605 1530 731 1594 habeat.
769 1528 884 1612 quibus
906 1550 968 1593 uec
991 1551 1053 1628 ego
1076 1551 1145 1595 ren·

43 1664 46 1668 .
125 1636 271 1698 nuerem,
306 1636 377 1679 cum
409 1615 512 1679 multa
545 1615 700 1679 eiusmodi
732 1616 844 1692 uerba,
879 1634 960 1696 quae
993 1613 1146 1680 uidentur

125 1699 348 1783 inchogatiua,
370 1702 579 1784 praeteritum
593 1704 720 1783 tempus
736 1698 852 1763 habere
867 1702 1064 1783 cernuntur,
1084 1698 1146 1763 nisi

125 1785 201 1868 quia
228 1784 390 1867 perfectae
418 1787 541 1851 formae
563 1785 663 1849 uerba
683 1782 858 1868 prohibent
878 1781 913 1845 in
936 1803 1051 1848 eorum
1073 1805 1146 1849 con·

85 1890 111 1929 ao
125 1869 236 1932 uenire
252 1869 462 1953 seutentiam,
486 1891 567 1954 quae
582 1869 789 1953 praeteritum
805 1869 933 1950 tempus
949 1867 1013 1931 sibi
1027 1869 1146 1933 rectius

125 1952 307 2016 uendiceut.
345 1955 400 2018 sed
415 1975 487 2018 cum
504 1955 565 2019 hoo
579 1954 645 2017 illis
660 1952 870 2018 obiecerimus
878 2001 887 2035 ,
911 1951 1148 2036 responderunt

123 2039 335 2119 praeteritum
362 2041 487 2121 tempus
516 2039 663 2122 geminae
692 2036 906 2101 ordinationis
933 2036 1042 2102 uerbis
1066 2058 1147 2102 com·

124 2141 220 2182 mune
243 2141 312 2183 esse
335 2120 436 2185 solere
458 2126 494 2185 ut
508 2123 602 2203 floreo
616 2123 758 2203 floresco,
782 2125 816 2184 et
829 2121 958 2203 utrique
975 2123 1146 2186 conuenire

122 2204 227 2284 florui.
265 2203 319 2266 sed
342 2203 403 2268 hoo
424 2207 500 2286 quia
515 2205 675 2269 scolarum
690 2212 874 2270 nostrarum
890 2210 1040 2270 auctores
1057 2228 1147 2271 num·

85 2304 111 2348 aa
125 2308 220 2370 quam
242 2286 278 2350 in
299 2308 358 2351 usu
379 2287 535 2373 habuere,
563 2289 597 2353 in
620 2291 771 2373 ambiguo
794 2289 1016 2373 relinquentes
1039 2290 1147 2356 docto·

124 2392 196 2435 rum
218 2374 403 2437 nostrorum
426 2374 618 2438 sententiam
640 2375 852 2456 proferemus,
877 2374 963 2457 quod
984 2375 1086 2440 uerba
1099 2377 1145 2440 in·

124 2456 298 2539 chogatiua
319 2459 494 2540 praeterito
517 2480 641 2542 semper
663 2462 794 2523 careant
816 2459 957 2541 exceptis
979 2459 1044 2523 hiis
1066 2480 1146 2545 quae

123 2539 339 2623 inchogatiuis
355 2543 490 2625 similia,
508 2543 583 2627 quia
597 2543 696 2608 uerba
716 2543 885 2626 exquibus
900 2544 992 2607 nasci
1008 2543 1147 2609 debeant

123 2645 190 2688 non
219 2627 434 2707 praetendunt
461 2649 495 2692 se
522 2629 657 2692 habere:
685 2629 757 2692 ideo
787 2627 996 2711 praeteritum
1018 2632 1146 2712 tempus

85 2709 348 2860 eopabebuntbut
369 2713 509 2796 coepisco
531 2713 704 2796 coaptarat,
735 2731 879 2796 coyaosco
901 2714 1050 2796 copaoai,
1075 2734 1144 2779 cru·

143 2815 207 2861 ecco
229 2815 285 2859 eru
304 2816 349 2861 aa.
831 2861 836 2868 ,

207 2878 303 2945 Nunc
330 2880 486 2964 praelatio
514 2901 572 2946 suo
595 2880 706 2946 ordine
728 2880 877 2966 ponenda
899 2885 959 2945 est.
996 2882 1146 2966 quidest

124 2968 232 3030 autem
265 2966 435 3050 praelatio,
472 2968 504 3030 et
537 2967 698 3049 quomodo
731 2967 801 3032 sine
828 2965 1026 3050 postlatione
1051 2965 1146 3032 intel·

124 3049 272 3135 legetur?
305 3051 461 3135 praelatio
490 3071 567 3135 ergo
596 3051 631 3115 in
659 3053 762 3117 modis
790 3052 867 3117 solis
897 3054 1042 3133 constat,
1072 3072 1145 3116 cum

193 3275 224 3322 15
243 3270 364 3324 diffinire
383 3269 426 3338 N,
447 3269 592 3324 definitive
610 3271 676 3326 Mai
692 3272 702 3341 i
719 3277 751 3325 21
765 3271 840 3347 cum]
859 3286 924 3323 eum
941 3269 976 3324 N
989 3270 1000 3347 i
1016 3274 1050 3323 22
1068 3285 1144 3324 cum-

123 3351 207 3388 mune
226 3336 261 3390 N
275 3339 284 3404 ΙΙ
301 3345 334 3392 23
352 3338 495 3416 conueniri
512 3337 547 3392 N
587 3343 619 3392 26
628 3338 648 3396 f,
665 3338 843 3392 inchoativae
861 3335 959 3456 Nliiae
978 3337 1072 3390 simlia
1089 3337 1124 3392 N
1130 3337 1144 3406 ΙΙ

123 3407 155 3454 30
174 3402 274 3456 erubes
294 3404 328 3457 Ν
336 3405 346 3471 ΙΙ
359 3411 391 3459 33
409 3405 530 3474 1lhgitur
591 3406 674 3473 llttf.
693 3420 754 3459 com
772 3403 869 3454 modos
919 3448 925 3458 .
