2422 3976
433 131 480 186 IX.
510 130 597 186 VITA
620 130 647 188 S.
667 129 820 187 GlsnnNI.
1072 131 1135 197 169

124 294 295 359 Praefatae
318 297 462 358 mentem
485 293 632 357 mulieris
655 297 708 357 sat
731 293 909 378 sitientem,

62 406 104 455 ’,ιο
123 383 255 448 Frivola
278 405 360 534 quo
365 382 515 466 linquens
539 404 699 447 summam
723 382 917 447 conscendat
941 382 981 446 ad
1005 404 1112 448 arcem

122 472 289 536 Exuate
312 471 428 536 vitium
451 471 534 536 volit
519 474 594 535 tans
618 470 759 535 bonitat'
714 473 779 534 atrs
803 471 919 535 adt
866 494 904 537 or
905 476 984 536 t.u1n

122 559 243 645 Implet
261 561 392 644 praesul
406 581 516 643 ovans,
532 580 614 644 quae
628 556 740 624 Christ
726 563 780 623 tus
797 563 868 624 erat
887 559 950 625 sibi
970 561 1135 643 mandans,

122 649 220 713 Libat
243 652 276 713 et
299 652 451 713 aeternae
467 648 640 732 perdulcia
662 649 780 730 pocula
802 644 916 716 vitae.

123 735 255 802 Claudit
278 759 370 802 mens
393 728 549 818 famulae,
572 739 704 801 sanetus
729 759 811 822 quae
834 737 958 802 flavit
949 760 985 801 ιιι
1008 760 1094 821 aure,

62 848 103 898 ἰιι
125 826 278 910 Applicat
303 830 336 890 et
358 827 503 891 votum
493 847 619 890 russum
643 825 685 890 ad
708 825 830 890 domini
852 826 1083 910 peragendum.

124 913 185 979 Sed
210 914 286 999 quia
308 917 397 980 certa
421 914 485 979 sibi
509 914 619 978 deerat
642 913 800 979 habitudo
824 914 989 998 manendi,
1153 938 1168 977 ι.
1182 930 1207 980 ι1

122 1002 291 1087 Angeliois
315 1025 378 1088 quo
403 1025 437 1068 se
460 1003 567 1067 titulis
591 1002 780 1068 concederet
804 1025 913 1088 aeque,
1150 1010 1211 1049 ⁰⁰¹0

122 1092 186 1156 Res
211 1092 371 1157 decimare
395 1093 528 1156 studens
553 1095 598 1168 et,
620 1113 702 1175 quae
722 1095 799 1156 sunt
816 1092 932 1176 laudis,
955 1092 1135 1176 adimplens

123 1181 288 1246 Turbatur
311 1181 408 1245 rebus
432 1180 549 1244 mulier
571 1180 662 1244 velut
684 1180 781 1245 anxia
803 1185 929 1264 partus,

62 1292 103 1341 tao
122 1270 255 1334 Assolet
278 1270 458 1334 invalidum
482 1268 567 1333 siout
588 1289 647 1351 per
669 1268 770 1334 fortia
793 1291 913 1333 sexum.

121 1358 226 1423 Nocte
249 1358 450 1440 intempesta
472 1378 586 1422 somno
609 1378 673 1441 qua
695 1358 800 1442 digne
815 1357 923 1441 sopita

122 1445 215 1510 Visio
239 1449 309 1510 tam
332 1445 454 1510 sanetis
478 1446 588 1529 paruit
610 1446 692 1509 bene
715 1466 858 1530 congrua
881 1446 1008 1530 gestisa

123 1533 296 1618 Splenduit
319 1533 455 1599 ecclesia
478 1533 641 1598 Bussutus
664 1533 795 1598 nomine
818 1533 908 1616 villa3

121 1623 184 1688 Hic
209 1623 408 1708 Gaugerious
431 1644 610 1707 properans
634 1622 766 1687 deitatis
790 1623 913 1687 amicus

62 1735 102 1783 ‚as
123 1709 267 1777 caelitus
291 1713 443 1776 astiterat
466 1711 600 1776 calicem
623 1712 837 1795 manibusque
860 1711 993 1775 tenebat

121 1799 233 1866 Pontio
258 1800 422 1865 candiduli
445 1800 515 1864 visa
538 1804 589 1864 est
613 1805 645 1864 et
668 1800 763 1883 panis
786 1799 912 1882 haberi,

122 1888 210 1964 Quae
233 1888 466 1954 Vualdetrudis
490 1888 640 1953 manibus
664 1909 787 1953 oessere
810 1887 969 1972 benignis.

122 1977 256 2042 Addidit
281 1977 373 2042 effari
396 1979 528 2062 praesul
552 1998 700 2041 sermone
724 1977 863 2041 salubri:

122 2067 224 2153 ‘Ergo
249 2086 318 2150 age,
340 2067 433 2130 nulla
455 2070 548 2130 tuum
570 2065 679 2130 tardet
702 2087 795 2130 mora
817 2066 927 2130 nobile
947 2069 1113 2149 coeptum3

62 2177 102 2226 ‚40
120 2155 281 2220 Effeotiva
303 2155 368 2219 tuis
393 2154 459 2219 sint
483 2158 661 2238 cunctaque
683 2176 841 2239 prospera
863 2153 959 2219 votis.

122 2244 209 2319 Quae
233 2244 329 2329 geris,
354 2243 526 2309 altithroni
549 2247 704 2309 curantur
728 2265 902 2328 amoreque
926 2241 1053 2308 nostri?

120 2332 198 2396 Istis
221 2354 322 2397 verna
345 2333 426 2396 satis
451 2332 575 2398 domini
597 2336 743 2398 recreata
766 2332 905 2417 loquelis
1010 2373 1013 2377 -

120 2419 214 2484 Iussa
237 2420 288 2484 dei
311 2423 389 2484 voto
414 2425 546 2504 cuperet
568 2443 642 2486 oum
666 2422 806 2486 seribere
830 2424 954 2501 sancte,

120 2506 320 2573 Celsithroni
342 2507 471 2571 facilem
495 2509 652 2592 poscebat
676 2531 748 2573 cum
772 2531 866 2592 prece
889 2509 1044 2591 frontem,

62 2619 101 2667 ·45
120 2595 253 2662 Munere
277 2618 340 2679 quo
365 2595 442 2659 doni
465 2595 598 2660 sibimet
622 2597 766 2679 spirante
791 2596 924 2680 superni

120 2683 172 2748 Ex
197 2684 307 2750 caliois
332 2684 441 2768 superi
464 2687 576 2768 posset
599 2683 725 2768 poculis
749 2684 871 2750 satiari.

192 2863 243 2912 521
266 2857 419 2914 adortum'
476 2859 557 2913 524‘
559 2858 644 2928 quoe’
666 2874 749 2939 super
771 2859 876 2914 lineam
898 2858 1023 2928 positum
1082 2864 1134 2915 526

122 2929 244 2983 ‘habitu'
271 2929 329 2984 do'
355 2946 491 3011 supersor
561 2934 614 2984 530
634 2927 862 2984 ‘inualidum—
886 2929 993 2984 sexum’
1020 2946 1073 2986 seo
1097 2948 1133 2984 m.

121 3001 311 3054 correctum'
303 3018 332 3054 ιιι
356 2999 565 3056 ‘inualidus—
590 3000 683 3055 sexus'
709 3000 804 3055 ‘sicut'
829 3017 880 3070 per
907 2999 1135 3055 abbreviaturam

121 3071 191 3138 (effi)
211 3072 344 3140 seriptum
405 3071 483 3127 531‘
485 3086 583 3126 somno
598 3103 631 3112 -
646 3071 731 3140 digne
750 3071 851 3169 sopita’
869 3087 922 3126 sec.
937 3088 975 3127 m,
994 3073 1134 3125 mutatum

120 3141 184 3195 in‘
187 3159 371 3195 somnum—
396 3141 489 3195 earnis
516 3142 632 3212 adepta'
694 3146 745 3197 582
770 3141 886 3211 p’uruit
912 3160 931 3196 ιι
957 3141 1015 3197 iam
1044 3141 1135 3210 prima

119 3230 206 3267 manu
233 3214 390 3267 correctum
412 3213 536 3279 videtum
564 3212 641 3266 idem
667 3213 867 3282 interpolator,
895 3213 944 3282 qui
972 3213 1035 3267 aliis
1064 3211 1135 3268 locis

118 3284 205 3339 verba
228 3285 332 3354 poetae
354 3282 481 3366 vitiavit,
504 3300 615 3338 versum
638 3282 680 3338 ita
703 3285 835 3338 mutavit.
867 3283 1018 3354 ‘Apparuit
1041 3282 1135 3353 dignis

119 3355 192 3409 bene
211 3373 264 3410 oon
318 3371 336 3408 a
353 3353 425 3411 risio
445 3355 551 3423 gestis'
605 3358 656 3408 533
678 3353 838 3409 ‘aeeclesia’
886 3361 938 3410 535
959 3354 1132 3410 ‘adstiterat’

119 3427 196 3481 537
188 3372 438 3481 uuallllruou’·
468 3430 518 3480 533
535 3425 690 3497 ‘caeptum'
748 3431 799 3480 544
819 3424 1019 3481 ‘Celsathroni’
1041 3443 1060 3481 a
1077 3424 1135 3480 ini

120 3497 304 3552 correctum
306 3496 418 3568 praece’
