2354 3946
361 191 408 245 Vl.
436 190 524 244 VITA
543 190 569 246 S.
586 190 762 250 CASSIANI.
1027 190 1068 254 Π

54 353 165 418 Mores
188 353 334 437 illustra,
356 352 461 419 vitam
483 375 613 418 rumore
635 353 785 438 fecunda,

56 442 161 507 Actus
185 441 326 526 custodi,
350 464 473 527 sensus,
496 464 552 507 rex
576 443 696 527 inclite,
718 442 822 525 nutri,

56 530 170 595 Donec
192 536 226 595 te
249 530 381 596 videant
405 554 442 597 ac
464 533 551 596 vitae
573 532 720 616 praemia
742 530 904 616 prendant

10 637 37 688 lo
57 619 103 684 Te
127 623 324 702 praestante,
347 619 435 705 deris,
458 619 513 704 qui
537 642 665 704 semper
686 620 793 685 trinus
817 623 851 684 et
872 641 956 685 unus

55 707 96 772 In
119 707 243 792 triplici
265 709 387 773 virtute
410 709 460 773 tui
482 709 673 774 benedictus
697 708 838 773 haberis.

56 796 192 861 Fantur:
217 795 347 861 ‘Amen'
370 797 480 862 cuncti
502 797 676 862 tundentes
699 800 833 883 pectora
855 797 983 882 pugnis.

56 884 147 950 Tunc
170 889 284 969 pastor
306 886 396 970 pacis
419 890 610 971 porrexerat
633 886 744 951 oscula
767 885 902 951 cunctis.

391 1078 432 1132 Dc
450 1046 625 1148 profectione
643 1077 740 1147 ipsius.

57 1184 120 1250 His
143 1184 191 1249 ita
214 1185 357 1251 dimissis
381 1185 496 1251 statim
518 1186 659 1272 vestigia
681 1187 788 1252 torsit.

10 1292 39 1342 lo
59 1273 115 1340 Sol
138 1272 255 1339 Martis
279 1297 450 1359 supremus
473 1274 523 1340 Eo
547 1275 681 1340 rorabat
706 1275 828 1360 Aprilis

58 1363 219 1428 Exortum
243 1363 389 1429 madidos
414 1363 563 1448 quatiens
586 1385 626 1428 ex
649 1386 723 1429 aere
745 1364 885 1448 nimbos,

58 1451 141 1518 (lum
165 1455 256 1517 vates
280 1452 403 1517 domini
426 1452 569 1538 gaudens
593 1453 701 1535 coepit
723 1452 884 1537 proficisci

58 1538 207 1625 Stipatus
231 1542 329 1607 sociis
353 1563 470 1626 supero
495 1562 643 1606 sermone
664 1541 787 1606 relatis.

56 1629 146 1714 Ergo
169 1629 233 1694 iter
256 1631 396 1695 electum
421 1630 623 1694 celebrantes
646 1630 728 1694 calle
752 1629 892 1694 secundo

10 1737 40 1788 so
57 1716 151 1782 Idola
173 1719 339 1797 cassabat,
362 1717 529 1803 sculptilia
552 1718 808 1802 comminuebat,

57 1805 225 1871 Narrabat
246 1806 337 1891 plebi
360 1807 519 1892 mysteria
540 1808 629 1891 regis
652 1805 800 1891 Olympi,
880 1822 882 1824 ·

58 1892 207 1969 Qualiter
229 1895 435 1980 omnipotens
458 1918 558 1960 unum
583 1896 652 1960 sine
675 1898 823 1979 tempore
846 1894 982 1960 verbum

58 1980 148 2057 Quae
170 1982 210 2047 de
233 2003 267 2047 se
291 1983 405 2069 genuit
427 2005 485 2069 per
509 1985 594 2068 quod
617 1987 694 2048 sunt
718 1983 826 2048 omnia
845 1983 935 2048 fecit.

58 2068 200 2154 Spiritus
224 2071 369 2136 adnectit
391 2072 547 2156 procedat
570 2072 711 2156 qualiter
734 2072 840 2137 almus

10 2179 39 2230 55
57 2158 210 2225 Personis
235 2182 273 2225 ex
297 2160 456 2226 ambabus
480 2160 601 2225 deitate
624 2182 796 2244 coaequus.

57 2248 127 2313 Has
151 2251 218 2313 tres
241 2271 399 2332 personas
421 2271 521 2314 unam
545 2248 700 2314 dissertat
721 2249 829 2314 usiam

56 2334 200 2402 Nomine
223 2337 413 2403 distinctam
437 2337 493 2402 sed
516 2337 688 2403 maiestate
709 2338 866 2424 iugatum.
1090 2355 1105 2397 r.
1119 2347 1160 2398 us*

56 2424 129 2490 Hoc
152 2425 264 2511 etiam,
287 2426 422 2491 verbum
445 2426 550 2492 carnis
574 2448 632 2492 ceu
655 2428 833 2510 sumpserit
856 2431 979 2510 ortum,

57 2513 184 2579 Edocet
207 2514 242 2577 in
263 2515 395 2599 populis
418 2536 568 2580 reserans
591 2537 709 2580 arcana
731 2516 893 2599 tonantis3

10 2621 40 2671 5ο
57 2601 182 2687 Pegma
205 2604 309 2667 crucis
332 2602 481 2688 subiisse,
503 2602 580 2668 binc
602 2602 765 2667 infernum
790 2603 960 2687 spoliasse.

57 2690 129 2756 Hoc
152 2691 200 2755 ait
222 2691 258 2755 in
280 2691 371 2775 vicis,
392 2691 456 2757 hoc
478 2691 612 2756 urbibus
636 2691 763 2775 hocque
785 2691 904 2775 plateis

56 2778 209 2844 Israelita
232 2778 351 2865 cluens,
375 2777 507 2845 Saronis
531 2801 633 2862 opaca
656 2779 832 2862 paciscens.

58 2866 156 2932 Haud
178 2868 298 2933 metuit
320 2869 434 2950 sicam,
458 2890 556 2953 quam
578 2867 746 2933 nitebatur
769 2871 898 2933 acutam

58 2955 89 3021 N
92 2955 225 3040 ancisci,
249 2955 278 3020 si
302 2956 464 3022 conferret
486 2958 653 3022 miseratio
676 2954 810 3022 Christi.

129 3205 181 3254 337
204 3207 220 3252 0
241 3198 402 3256 ‘foecunda’
423 3218 439 3257 o
464 3201 588 3256 deletum
660 3206 713 3256 338
735 3208 756 3254 r
777 3199 904 3272 ‘inclyte’
978 3207 1031 3256 342
1054 3208 1072 3255 0

59 3271 222 3326 ‘territantes’
275 3278 327 3326 345
347 3279 364 3324 0
381 3273 571 3342 ‘suppremus'
592 3278 636 3326 03
651 3273 702 3328 ‘eo’
755 3277 808 3328 348
827 3279 844 3325 0
864 3271 967 3328 ‘sotiis’
1020 3279 1071 3328 351

57 3349 76 3396 0
92 3341 234 3413 ‘olimphi'
287 3348 338 3397 353
358 3343 467 3398 r‘sne'
519 3347 573 3397 354
587 3348 604 3395 0
620 3343 776 3398 ‘adnectat'
793 3345 803 3398 i
817 3359 954 3415 superior.
972 3349 994 3396 r
1010 3344 1072 3400 ‘ad-

57 3414 159 3469 motar’
212 3417 264 3469 355
283 3420 304 3466 r
320 3414 464 3483 ‘coequus’
517 3419 569 3469 356
586 3420 603 3467 0
620 3414 740 3484 ‘usyam’
789 3421 841 3471 357
856 3421 873 3468 0
890 3414 1071 3486 ‘magestate'

56 3483 267 3554 r‘majeslate’
310 3489 397 3538 3581*
413 3485 567 3540 ‘sumserit’
610 3490 662 3541 339
677 3485 862 3541 c‘resonans’
878 3485 910 3540 in
920 3485 1071 3545 ‘reserans’

58 3561 216 3610 correctum
235 3553 381 3610 ‘archana’
439 3561 490 3610 353
510 3563 527 3610 0
547 3554 717 3611 ‘Israhelita’
775 3562 827 3611 353
846 3563 863 3610 0
880 3557 972 3614 ‘haut'
