2354 3946
112 160 179 217 VIII
513 158 727 216 PRAEFATIO.
743 197 746 200 ·

112 324 169 390 tiis
193 328 226 389 et
248 323 357 390 verbis
384 323 420 388 hi
447 323 510 388 duo
533 322 611 388 libri
638 322 724 388 inter
747 343 782 386 se
805 321 1003 408 discrepent,
1031 344 1133 388 unus·

112 411 250 499 quisque
271 411 342 478 fere
362 413 454 479 loeus
477 412 580 495 docet,
602 411 693 477 velut
714 410 751 475 in
772 409 845 494 ipso
864 410 1020 476 carminis
1043 412 1132 496 prin·

112 502 199 588 cipio
230 523 281 568 vv.
308 501 446 567 18-'46
479 500 598 567 eodiois
630 498 824 564 Parisiensis
857 498 893 564 in
923 496 1131 603 Belfortiano

114 590 404 762 §ueluti
423 589 845 744 {intulatur
871 610 899 655 ’·
920 587 986 653 ¹⁶⁰
1013 595 1132 654 ’Μ

179 785 305 873 Utpote
328 784 379 851 vir
402 784 547 870 quidam,
570 783 741 862 Quiriaeus
765 785 917 847 onomate
940 787 1050 868 notua,

182 873 321 940 Sublimi
344 875 452 940 clarus
477 872 648 943 Gallorum
672 871 775 955 stirpe
798 874 936 955 oreatus,

112 980 147 1045 in
168 979 247 1046 hoe:

179 1085 243 1150 Est
265 1091 359 1170 pater
381 1083 547 1170 Arnulphi
570 1081 739 1149 Gallorum
764 1083 865 1170 stirpe
890 1088 1031 1168 creatur,

180 1171 350 1248 Quiriaeus
373 1171 515 1256 primum
539 1171 654 1256 gentili
677 1172 809 1236 nomine
834 1171 947 1237 dictur.

112 1295 228 1362 Multis
251 1294 333 1361 loeis
355 1294 425 1360 bini
447 1316 560 1360 versus
584 1294 704 1361 codicis
717 1295 920 1361 Parisiensis
947 1295 983 1359 in
1005 1293 1130 1363 Belfor-

113 1386 204 1450 tiano
234 1384 270 1449 in
302 1384 464 1469 singulos,
497 1388 597 1470 atque
628 1384 709 1448 adeo
738 1385 843 1469 quini,
876 1384 958 1468 seni,
993 1386 1130 1470 septeni,

112 1473 233 1539 undeni
252 1470 307 1556 (uf.
323 1495 374 1539 vv.
392 1473 581 1558 284-288,
603 1473 790 1555 317-322,
813 1472 999 1556 355-363,
1017 1474 1128 1541 468-

113 1564 191 1647 474,
215 1559 406 1649 611-615)
426 1562 461 1626 in
478 1563 575 1628 binos
593 1565 742 1627 ternosve
760 1583 873 1626 versus
892 1560 1019 1626 oonfuai
1039 1568 1131 1648 sunt3

114 1672 228 1718 versus
256 1652 309 1736 27,
333 1651 390 1735 34,
412 1651 466 1736 40,
489 1651 555 1717 533
582 1649 701 1716 codicia
729 1648 926 1716 Belfortiani
953 1651 988 1714 in
1014 1656 1130 1718 nostro

115 1741 224 1808 codice
257 1741 383 1807 desunt.
428 1738 530 1827 Saepe
563 1739 692 1806 eosdem
725 1761 837 1804 versus
873 1738 1009 1803 diversis
1047 1740 1130 1805 loeis

113 1831 239 1916 positos
263 1851 334 1896 esse
352 1834 386 1895 et
404 1851 442 1894 ex
462 1851 509 1914 eo,
533 1829 619 1914 quod
642 1849 741 1912 supra
764 1826 945 1910 attulimus,
968 1829 1130 1913 exemplo,

114 1924 148 1983 et
180 1941 220 1984 ex
251 1920 325 1984 aliis
357 1919 439 1984 loeis
469 1939 663 2005 cognoscam,
691 1921 730 1982 ut
755 1916 904 1982 versibus
932 1914 1130 2002 539-543,

115 2007 195 2091 545,
223 2007 289 2074 546
323 2007 442 2072 codicis
469 2006 665 2072 Parisiensis
696 2007 732 2070 in
764 2004 965 2070 Bellortiauo
998 2004 1130 2070 omissis

113 2117 143 2161 v.
167 2097 233 2162 544
261 2099 392 2181 quarto,
419 2096 483 2161 547
508 2093 662 2178 seeundo,
690 2094 755 2159 548
784 2093 897 2175 tertio,
927 2091 992 2158 549
1021 2095 1130 2176 primo

113 2183 186 2249 loco
220 2184 387 2269 leguntur,
419 2205 468 2247 vv.
498 2183 679 2248 778-781
710 2185 788 2267 post
820 2205 849 2246 v.
878 2180 942 2246 795
975 2181 1130 2248 collocati

114 2275 190 2335 sunt
227 2275 286 2336 ete.
340 2270 411 2335 Iam
443 2270 549 2334 varias
587 2269 742 2334 lectiones
778 2268 899 2335 codicis
931 2267 1130 2336 Belfortiani

113 2379 215 2444 paene
238 2358 491 2424 innumerabiles
510 2378 580 2422 esse
603 2355 691 2422 haud
714 2357 781 2422 saio
802 2379 845 2422 an
866 2379 962 2422 nemo
982 2360 1130 2445 miretur,

112 2444 800 2602 Iltllffltlllnllnlttllll?
822 2447 1129 2601 illlislllell

114 2588 204 2700 Quae
218 2645 292 2689 oum
306 2625 355 2689 Ita
369 2558 445 2709 sini,
463 2645 527 2690 non
542 2622 640 2688 modo
653 2584 720 2687 nou
735 2622 890 2708 dubitavi,
907 2559 1128 2708 quiriPassio·

112 2734 188 2778 nem
219 2710 251 2778 S.
274 2713 405 2779 Amulfi
432 2713 540 2780 codiee
567 2710 744 2777 Parisienai
775 2712 872 2777 nobia
902 2716 1067 2778 servatam
1094 2715 1130 2779 in

113 2802 221 2868 lueem
240 2801 334 2867 edere
352 2802 493 2888 pretium
511 2804 598 2866 esset
617 2821 745 2887 operae,
769 2801 826 2866 sed
847 2823 888 2866 ne
907 2800 1129 2885 discrepantes

114 2890 246 2976 quidem
282 2891 402 2958 oodieis
434 2889 629 2955 Belfortiani
664 2890 822 2956 lectiones
858 2889 1020 2956 notandas
1057 2911 1129 2956 esse

115 2979 309 3046 existimavi
1030 2979 1032 2988 ’

205 3069 321 3134 Altera
344 3088 469 3153 quoque
492 3067 609 3132 harum
631 3068 776 3134 vilarum
804 3072 908 3132 metro
931 3067 1128 3146 conscripta-

114 3179 187 3222 rum
214 3158 282 3222 iam
310 3159 406 3222 antea
428 3157 562 3242 vulgata
586 3160 637 3221 eat
660 3157 797 3223 ethaeo
821 3177 860 3220 ex
883 3151 995 3219 eodem
1018 3151 1127 3216 oodiae

114 3268 214 3311 manu
242 3245 364 3331 scripto
387 3244 605 3310 bibliothecae
629 3242 659 3311 S.
679 3244 835 3311 Germani
861 3238 1065 3320 Pariaiensis,
1092 3235 1125 3298 id

114 3334 202 3419 quod
231 3355 269 3399 ex
299 3333 522 3399 deficientibus
549 3333 711 3419 principio
740 3340 773 3399 et
799 3333 863 3396 fine
890 3325 1049 3411 poematis
1077 3322 1124 3386 in·

114 3423 294 3508 tellegitur.
339 3420 542 3487 Fontaninus
571 3423 670 3505 enim,
698 3424 773 3507 quia
800 3418 832 3484 S.
852 3415 1028 3515 Cassianus
1051 3411 1126 3476 Ale·

113 3510 301 3595 xandn'nus,
323 3511 514 3596 priusquam
536 3510 809 3596 Augustodunum
831 3505 969 3585 venant,
990 3498 1127 3586 Emtae,
