<?xml version="1.0" encoding="UTF-8"?>
<!DOCTYPE html PUBLIC "-//W3C//DTD XHTML 1.0 Transitional//EN"
    "http://www.w3.org/TR/xhtml1/DTD/xhtml1-transitional.dtd">
<html xmlns="http://www.w3.org/1999/xhtml" xml:lang="en" lang="en">
 <head>
  <title>
</title>
<meta http-equiv="Content-Type" content="text/html;charset=utf-8" />
  <meta name='ocr-system' content='tesseract 3.04.00' />
  <meta name='ocr-capabilities' content='ocr_page ocr_carea ocr_par ocr_line ocrx_word'/>
</head>
<body>
  <div class='ocr_page' id='page_1' title='image "./grammaticiopera00virggoog_0385.png"; bbox 0 0 2354 3946; ppageno 0'>
   <div class='ocr_carea' id='block_1_1' title="bbox 125 176 825 244">
    <p class='ocr_par' dir='ltr' id='par_1_1' title="bbox 125 176 825 244">
     <span class='ocr_line' id='line_1_1' title="bbox 125 176 825 244; baseline -0.011 0"><span class='ocrx_word' id='word_1_1' title='bbox 125 179 189 244; x_wconf 74' lang='grc'>152</span> <span class='ocrx_word' id='word_1_2' title='bbox 435 179 482 235; x_wconf 81' lang='lat' dir='ltr'>lli.</span> <span class='ocrx_word' id='word_1_3' title='bbox 510 179 601 235; x_wconf 84' lang='lat' dir='ltr'><strong>VITA</strong></span> <span class='ocrx_word' id='word_1_4' title='bbox 624 178 651 234; x_wconf 81' lang='lat' dir='ltr'>S.</span> <span class='ocrx_word' id='word_1_5' title='bbox 670 176 825 237; x_wconf 78' lang='lat' dir='ltr'><strong>GISLENI.</strong></span> 
     </span>
    </p>
   </div>
   <div class='ocr_carea' id='block_1_2' title="bbox 69 341 1169 2194">
    <p class='ocr_par' dir='ltr' id='par_1_2' title="bbox 124 341 1012 427">
     <span class='ocr_line' id='line_1_2' title="bbox 124 341 1012 427; baseline 0.001 -21"><span class='ocrx_word' id='word_1_6' title='bbox 124 341 243 407; x_wconf 83' lang='lat' dir='ltr'>Tendit</span> <span class='ocrx_word' id='word_1_7' title='bbox 266 364 304 406; x_wconf 88' lang='lat' dir='ltr'>eo</span> <span class='ocrx_word' id='word_1_8' title='bbox 328 364 459 427; x_wconf 83' lang='lat' dir='ltr'>gressus</span> <span class='ocrx_word' id='word_1_9' title='bbox 484 342 531 407; x_wconf 88' lang='lat' dir='ltr'>sic</span> <span class='ocrx_word' id='word_1_10' title='bbox 553 341 686 408; x_wconf 81' lang='lat' dir='ltr'>Christo</span> <span class='ocrx_word' id='word_1_11' title='bbox 709 341 848 426; x_wconf 88' lang='lat' dir='ltr'>psallere</span> <span class='ocrx_word' id='word_1_12' title='bbox 872 361 1012 424; x_wconf 88' lang='lat' dir='ltr'>gnarus:</span> 
     </span>
    </p>

    <p class='ocr_par' dir='ltr' id='par_1_3' title="bbox 69 430 1169 693">
     <span class='ocr_line' id='line_1_3' title="bbox 69 430 1168 515; baseline -0.003 -20"><span class='ocrx_word' id='word_1_13' title='bbox 69 447 105 495; x_wconf 85' lang='lat'>40</span> <span class='ocrx_word' id='word_1_14' title='bbox 123 430 182 495; x_wconf 75' lang='lat' dir='ltr'>‘Te</span> <span class='ocrx_word' id='word_1_15' title='bbox 207 431 295 514; x_wconf 91' lang='lat' dir='ltr'>duce,</span> <span class='ocrx_word' id='word_1_16' title='bbox 318 432 552 515; x_wconf 88' lang='lat' dir='ltr'>cunctipotens,</span> <span class='ocrx_word' id='word_1_17' title='bbox 574 430 703 496; x_wconf 84' lang='lat' dir='ltr'>valeam</span> <span class='ocrx_word' id='word_1_18' title='bbox 725 448 913 513; x_wconf 84' lang='lat' dir='ltr'>percurrere</span> <span class='ocrx_word' id='word_1_19' title='bbox 936 431 1056 497; x_wconf 80' lang='lat' dir='ltr'><strong>vivens</strong></span> <span class='ocrx_word' id='word_1_20' title='bbox 1157 453 1168 493; x_wconf 71' lang='lat' dir='ltr'>r</span> 
     </span>
     <span class='ocr_line' id='line_1_4' title="bbox 124 517 1169 602; baseline -0.002 -18"><span class='ocrx_word' id='word_1_21' title='bbox 124 519 260 585; x_wconf 87' lang='lat' dir='ltr'>Letiferi</span> <span class='ocrx_word' id='word_1_22' title='bbox 283 519 396 584; x_wconf 86' lang='lat' dir='ltr'>taedas</span> <span class='ocrx_word' id='word_1_23' title='bbox 420 519 526 584; x_wconf 89' lang='lat' dir='ltr'>hostis</span> <span class='ocrx_word' id='word_1_24' title='bbox 550 518 610 583; x_wconf 91' lang='lat' dir='ltr'>sub</span> <span class='ocrx_word' id='word_1_25' title='bbox 635 518 770 583; x_wconf 88' lang='lat' dir='ltr'>crimine</span> <span class='ocrx_word' id='word_1_26' title='bbox 792 517 883 602; x_wconf 75' lang='lat' dir='ltr'>fixas,</span> <span class='ocrx_word' id='word_1_27' title='bbox 1155 535 1169 566; x_wconf 69' lang='grc' dir='ltr'>α</span> 
     </span>
     <span class='ocr_line' id='line_1_5' title="bbox 124 605 955 693; baseline -0.002 -21"><span class='ocrx_word' id='word_1_28' title='bbox 124 608 246 672; x_wconf 88' lang='lat' dir='ltr'>Intima</span> <span class='ocrx_word' id='word_1_29' title='bbox 270 630 333 692; x_wconf 93' lang='lat' dir='ltr'>quo</span> <span class='ocrx_word' id='word_1_30' title='bbox 357 608 462 672; x_wconf 87' lang='lat' dir='ltr'>cordis</span> <span class='ocrx_word' id='word_1_31' title='bbox 487 608 582 693; x_wconf 89' lang='lat' dir='ltr'>signo</span> <span class='ocrx_word' id='word_1_32' title='bbox 604 606 734 671; x_wconf 77' lang='lat' dir='ltr'>niteant</span> <span class='ocrx_word' id='word_1_33' title='bbox 755 605 955 691; x_wconf 65' lang='lat' dir='ltr'>probitatis?</span> 
     </span>
    </p>

    <p class='ocr_par' dir='ltr' id='par_1_4' title="bbox 124 694 1067 870">
     <span class='ocr_line' id='line_1_6' title="bbox 124 694 1067 780; baseline 0.004 -20"><span class='ocrx_word' id='word_1_34' title='bbox 124 697 215 761; x_wconf 91' lang='lat' dir='ltr'>Haec</span> <span class='ocrx_word' id='word_1_35' title='bbox 238 718 335 761; x_wconf 90' lang='lat' dir='ltr'>orans</span> <span class='ocrx_word' id='word_1_36' title='bbox 360 696 493 760; x_wconf 85' lang='lat' dir='ltr'>titulum</span> <span class='ocrx_word' id='word_1_37' title='bbox 517 694 669 760; x_wconf 89' lang='lat' dir='ltr'>monachi</span> <span class='ocrx_word' id='word_1_38' title='bbox 692 694 880 760; x_wconf 78' lang='lat' dir='ltr'>conscendit</span> <span class='ocrx_word' id='word_1_39' title='bbox 904 694 1067 780; x_wconf 90' lang='lat' dir='ltr'>opimum.</span> 
     </span>
     <span class='ocr_line' id='line_1_7' title="bbox 125 784 1047 870; baseline 0.002 -22"><span class='ocrx_word' id='word_1_40' title='bbox 125 785 298 870; x_wconf 88' lang='lat' dir='ltr'>Adgandet</span> <span class='ocrx_word' id='word_1_41' title='bbox 320 784 484 849; x_wconf 88' lang='lat' dir='ltr'>fraternus</span> <span class='ocrx_word' id='word_1_42' title='bbox 508 806 600 849; x_wconf 88' lang='lat' dir='ltr'>amor</span> <span class='ocrx_word' id='word_1_43' title='bbox 623 806 696 849; x_wconf 90' lang='lat' dir='ltr'>cum</span> <span class='ocrx_word' id='word_1_44' title='bbox 719 804 870 866; x_wconf 87' lang='lat' dir='ltr'>compare</span> <span class='ocrx_word' id='word_1_45' title='bbox 893 804 1047 870; x_wconf 73' lang='lat' dir='ltr'>concors,</span> 
     </span>
    </p>

    <p class='ocr_par' dir='ltr' id='par_1_5' title="bbox 70 870 969 956">
     <span class='ocr_line' id='line_1_8' title="bbox 70 870 969 956; baseline 0.002 -20"><span class='ocrx_word' id='word_1_46' title='bbox 70 886 105 937; x_wconf 81' lang='lat'>45</span> <span class='ocrx_word' id='word_1_47' title='bbox 124 873 210 938; x_wconf 87' lang='lat' dir='ltr'>Laus</span> <span class='ocrx_word' id='word_1_48' title='bbox 234 877 345 938; x_wconf 89' lang='lat' dir='ltr'>manet</span> <span class='ocrx_word' id='word_1_49' title='bbox 367 875 401 938; x_wconf 92' lang='lat' dir='ltr'>in</span> <span class='ocrx_word' id='word_1_50' title='bbox 425 873 530 956; x_wconf 89' lang='lat' dir='ltr'>sociis,</span> <span class='ocrx_word' id='word_1_51' title='bbox 553 872 718 938; x_wconf 81' lang='lat' dir='ltr'>collaudat</span> <span class='ocrx_word' id='word_1_52' title='bbox 739 870 800 936; x_wconf 87' lang='lat' dir='ltr'>flos</span> <span class='ocrx_word' id='word_1_53' title='bbox 823 870 969 956; x_wconf 83' lang='lat' dir='ltr'>puerilis.</span> 
     </span>
    </p>

    <p class='ocr_par' dir='ltr' id='par_1_6' title="bbox 124 959 1128 1310">
     <span class='ocr_line' id='line_1_9' title="bbox 124 959 933 1046; baseline -0.001 -21"><span class='ocrx_word' id='word_1_54' title='bbox 124 961 244 1026; x_wconf 79' lang='lat' dir='ltr'>Divino</span> <span class='ocrx_word' id='word_1_55' title='bbox 269 962 427 1045; x_wconf 80' lang='lat' dir='ltr'><strong>siquidem</strong></span> <span class='ocrx_word' id='word_1_56' title='bbox 452 961 561 1045; x_wconf 89' lang='lat' dir='ltr'>gladio</span> <span class='ocrx_word' id='word_1_57' title='bbox 585 960 788 1046; x_wconf 87' lang='lat' dir='ltr'>praecinctus</span> <span class='ocrx_word' id='word_1_58' title='bbox 810 959 933 1024; x_wconf 85' lang='lat' dir='ltr'><strong>ibidem</strong></span> 
     </span>
     <span class='ocr_line' id='line_1_10' title="bbox 125 1047 1128 1135; baseline 0 -21"><span class='ocrx_word' id='word_1_59' title='bbox 125 1047 304 1114; x_wconf 81' lang='lat' dir='ltr'>Commoda</span> <span class='ocrx_word' id='word_1_60' title='bbox 327 1071 409 1133; x_wconf 90' lang='lat' dir='ltr'>quae</span> <span class='ocrx_word' id='word_1_61' title='bbox 433 1050 557 1113; x_wconf 83' lang='lat' dir='ltr'>dederit</span> <span class='ocrx_word' id='word_1_62' title='bbox 579 1070 727 1135; x_wconf 82' lang='lat' dir='ltr'>pergens,</span> <span class='ocrx_word' id='word_1_63' title='bbox 750 1069 816 1114; x_wconf 92' lang='lat' dir='ltr'>non</span> <span class='ocrx_word' id='word_1_64' title='bbox 838 1069 946 1133; x_wconf 90' lang='lat' dir='ltr'>penna</span> <span class='ocrx_word' id='word_1_65' title='bbox 969 1053 1128 1135; x_wconf 86' lang='lat' dir='ltr'>capessit.</span> 
     </span>
     <span class='ocr_line' id='line_1_11' title="bbox 124 1135 961 1222; baseline 0.002 -22"><span class='ocrx_word' id='word_1_66' title='bbox 124 1135 266 1202; x_wconf 83' lang='lat' dir='ltr'>Attrivit</span> <span class='ocrx_word' id='word_1_67' title='bbox 288 1158 418 1201; x_wconf 88' lang='lat' dir='ltr'>carnem</span> <span class='ocrx_word' id='word_1_68' title='bbox 441 1137 539 1201; x_wconf 88' lang='lat' dir='ltr'>famis</span> <span class='ocrx_word' id='word_1_69' title='bbox 563 1137 750 1222; x_wconf 87' lang='lat' dir='ltr'>algorisquc</span> <span class='ocrx_word' id='word_1_70' title='bbox 774 1140 961 1221; x_wconf 86' lang='lat' dir='ltr'>stupentem</span> 
     </span>
     <span class='ocr_line' id='line_1_12' title="bbox 124 1223 932 1310; baseline 0.004 -24"><span class='ocrx_word' id='word_1_71' title='bbox 124 1223 353 1308; x_wconf 78' lang='lat' dir='ltr'>Excubiasque</span> <span class='ocrx_word' id='word_1_72' title='bbox 376 1226 448 1289; x_wconf 84' lang='lat' dir='ltr'>viro</span> <span class='ocrx_word' id='word_1_73' title='bbox 473 1224 660 1310; x_wconf 86' lang='lat' dir='ltr'>gaudebant</span> <span class='ocrx_word' id='word_1_74' title='bbox 682 1225 808 1310; x_wconf 88' lang='lat' dir='ltr'>poplite</span> <span class='ocrx_word' id='word_1_75' title='bbox 830 1223 932 1308; x_wconf 71' lang='lat' dir='ltr'>fesso,</span> 
     </span>
    </p>

    <p class='ocr_par' dir='ltr' id='par_1_7' title="bbox 71 1310 923 1378">
     <span class='ocr_line' id='line_1_13' title="bbox 71 1310 923 1378; baseline 0.002 -2"><span class='ocrx_word' id='word_1_76' title='bbox 71 1327 105 1376; x_wconf 79' lang='lat' dir='ltr'>so</span> <span class='ocrx_word' id='word_1_77' title='bbox 125 1310 207 1377; x_wconf 79' lang='lat' dir='ltr'>Cum</span> <span class='ocrx_word' id='word_1_78' title='bbox 231 1311 355 1378; x_wconf 77' lang='lat' dir='ltr'>Christi</span> <span class='ocrx_word' id='word_1_79' title='bbox 377 1312 480 1377; x_wconf 95' lang='lat' dir='ltr'>iubilo</span> <span class='ocrx_word' id='word_1_80' title='bbox 505 1314 607 1378; x_wconf 85' lang='lat' dir='ltr'>solem</span> <span class='ocrx_word' id='word_1_81' title='bbox 629 1313 769 1378; x_wconf 90' lang='lat' dir='ltr'>ducebat</span> <span class='ocrx_word' id='word_1_82' title='bbox 790 1313 825 1377; x_wconf 94' lang='lat' dir='ltr'>in</span> <span class='ocrx_word' id='word_1_83' title='bbox 846 1313 923 1378; x_wconf 87' lang='lat' dir='ltr'>imo.</span> 
     </span>
    </p>

    <p class='ocr_par' dir='ltr' id='par_1_8' title="bbox 124 1401 994 1752">
     <span class='ocr_line' id='line_1_14' title="bbox 125 1401 994 1487; baseline 0.002 -22"><span class='ocrx_word' id='word_1_84' title='bbox 125 1401 262 1466; x_wconf 81' lang='lat' dir='ltr'>Talibus</span> <span class='ocrx_word' id='word_1_85' title='bbox 286 1422 365 1487; x_wconf 91' lang='lat' dir='ltr'>ergo</span> <span class='ocrx_word' id='word_1_86' title='bbox 388 1401 500 1487; x_wconf 88' lang='lat' dir='ltr'>probis</span> <span class='ocrx_word' id='word_1_87' title='bbox 524 1402 726 1486; x_wconf 86' lang='lat' dir='ltr'>conscriptus</span> <span class='ocrx_word' id='word_1_88' title='bbox 749 1402 811 1466; x_wconf 84' lang='lat' dir='ltr'>flos</span> <span class='ocrx_word' id='word_1_89' title='bbox 833 1403 994 1467; x_wconf 81' lang='lat' dir='ltr'>maritalis</span> 
     </span>
     <span class='ocr_line' id='line_1_15' title="bbox 124 1488 973 1576; baseline 0.001 -22"><span class='ocrx_word' id='word_1_90' title='bbox 124 1489 292 1556; x_wconf 80' lang='lat' dir='ltr'>Ecclesiae</span> <span class='ocrx_word' id='word_1_91' title='bbox 316 1491 470 1576; x_wconf 83' lang='lat' dir='ltr'>gradibus</span> <span class='ocrx_word' id='word_1_92' title='bbox 493 1488 654 1576; x_wconf 90' lang='lat' dir='ltr'>paulatim</span> <span class='ocrx_word' id='word_1_93' title='bbox 678 1488 843 1575; x_wconf 88' lang='lat' dir='ltr'>splenduit</span> <span class='ocrx_word' id='word_1_94' title='bbox 866 1495 973 1573; x_wconf 76' lang='lat' dir='ltr'>aptus</span> 
     </span>
     <span class='ocr_line' id='line_1_16' title="bbox 124 1577 906 1664; baseline -0.001 -21"><span class='ocrx_word' id='word_1_95' title='bbox 124 1577 219 1643; x_wconf 89' lang='lat' dir='ltr'>Unde</span> <span class='ocrx_word' id='word_1_96' title='bbox 244 1579 417 1645; x_wconf 86' lang='lat' dir='ltr'>sacerdotii</span> <span class='ocrx_word' id='word_1_97' title='bbox 439 1581 590 1664; x_wconf 88' lang='lat' dir='ltr'>pervenit</span> <span class='ocrx_word' id='word_1_98' title='bbox 613 1579 654 1644; x_wconf 88' lang='lat' dir='ltr'>ad</span> <span class='ocrx_word' id='word_1_99' title='bbox 677 1579 778 1643; x_wconf 88' lang='lat' dir='ltr'>ardua</span> <span class='ocrx_word' id='word_1_100' title='bbox 801 1578 906 1642; x_wconf 87' lang='lat' dir='ltr'>sancti</span> 
     </span>
     <span class='ocr_line' id='line_1_17' title="bbox 126 1665 993 1752; baseline 0 -21"><span class='ocrx_word' id='word_1_101' title='bbox 126 1665 262 1752; x_wconf 84' lang='lat' dir='ltr'>Singula</span> <span class='ocrx_word' id='word_1_102' title='bbox 285 1669 443 1733; x_wconf 85' lang='lat' dir='ltr'>virtutum</span> <span class='ocrx_word' id='word_1_103' title='bbox 465 1669 610 1732; x_wconf 80' lang='lat' dir='ltr'>retinens</span> <span class='ocrx_word' id='word_1_104' title='bbox 634 1666 681 1732; x_wconf 90' lang='lat' dir='ltr'>sic</span> <span class='ocrx_word' id='word_1_105' title='bbox 704 1667 790 1731; x_wconf 96' lang='lat' dir='ltr'>dona</span> <span class='ocrx_word' id='word_1_106' title='bbox 813 1688 993 1752; x_wconf 87' lang='lat' dir='ltr'>sacrarum,</span> 
     </span>
    </p>

    <p class='ocr_par' dir='ltr' id='par_1_9' title="bbox 72 1757 888 1840">
     <span class='ocr_line' id='line_1_18' title="bbox 72 1757 888 1840; baseline 0.001 -23"><span class='ocrx_word' id='word_1_107' title='bbox 72 1768 106 1818; x_wconf 79' lang='lat' dir='ltr'>ts</span> <span class='ocrx_word' id='word_1_108' title='bbox 125 1758 174 1819; x_wconf 85' lang='lat' dir='ltr'>Ac</span> <span class='ocrx_word' id='word_1_109' title='bbox 198 1757 227 1820; x_wconf 88' lang='lat' dir='ltr'>si</span> <span class='ocrx_word' id='word_1_110' title='bbox 249 1757 460 1840; x_wconf 88' lang='lat' dir='ltr'>posthabitae</span> <span class='ocrx_word' id='word_1_111' title='bbox 483 1757 629 1821; x_wconf 86' lang='lat' dir='ltr'>duxisset</span> <span class='ocrx_word' id='word_1_112' title='bbox 652 1759 760 1820; x_wconf 88' lang='lat' dir='ltr'>cetera</span> <span class='ocrx_word' id='word_1_113' title='bbox 783 1776 888 1819; x_wconf 87' lang='lat' dir='ltr'>curae.</span> 
     </span>
    </p>

    <p class='ocr_par' dir='ltr' id='par_1_10' title="bbox 124 1843 870 1930">
     <span class='ocr_line' id='line_1_19' title="bbox 124 1843 870 1930; baseline -0.003 -22"><span class='ocrx_word' id='word_1_114' title='bbox 124 1844 203 1908; x_wconf 88' lang='lat' dir='ltr'>Istis</span> <span class='ocrx_word' id='word_1_115' title='bbox 226 1867 286 1928; x_wconf 91' lang='lat' dir='ltr'>pro</span> <span class='ocrx_word' id='word_1_116' title='bbox 311 1846 401 1910; x_wconf 85' lang='lat' dir='ltr'>miris</span> <span class='ocrx_word' id='word_1_117' title='bbox 425 1848 537 1911; x_wconf 89' lang='lat' dir='ltr'>coetus</span> <span class='ocrx_word' id='word_1_118' title='bbox 562 1843 726 1930; x_wconf 87' lang='lat' dir='ltr'>gaudebat</span> <span class='ocrx_word' id='word_1_119' title='bbox 748 1843 870 1926; x_wconf 88' lang='lat' dir='ltr'>herilis,</span> 
     </span>
    </p>

    <p class='ocr_par' dir='ltr' id='par_1_11' title="bbox 125 1931 971 2016">
     <span class='ocr_line' id='line_1_20' title="bbox 125 1931 971 2016; baseline -0.004 -19"><span class='ocrx_word' id='word_1_120' title='bbox 125 1931 188 2008; x_wconf 81' lang='lat' dir='ltr'>Qui</span> <span class='ocrx_word' id='word_1_121' title='bbox 211 1934 392 1999; x_wconf 86' lang='lat' dir='ltr'>monachile</span> <span class='ocrx_word' id='word_1_122' title='bbox 416 1934 512 1998; x_wconf 86' lang='lat' dir='ltr'>decus</span> <span class='ocrx_word' id='word_1_123' title='bbox 535 1933 647 1998; x_wconf 90' lang='lat' dir='ltr'>tunica</span> <span class='ocrx_word' id='word_1_124' title='bbox 669 1932 803 1997; x_wconf 80' lang='lat' dir='ltr'>vestivit</span> <span class='ocrx_word' id='word_1_125' title='bbox 825 1931 971 2016; x_wconf 87' lang='lat' dir='ltr'>honoris,</span> 
     </span>
    </p>

    <p class='ocr_par' dir='ltr' id='par_1_12' title="bbox 127 2019 963 2105">
     <span class='ocr_line' id='line_1_21' title="bbox 127 2019 963 2105; baseline -0.002 -20"><span class='ocrx_word' id='word_1_126' title='bbox 127 2019 167 2086; x_wconf 84' lang='lat' dir='ltr'>Se</span> <span class='ocrx_word' id='word_1_127' title='bbox 192 2023 243 2086; x_wconf 90' lang='lat' dir='ltr'>cui</span> <span class='ocrx_word' id='word_1_128' title='bbox 266 2022 417 2087; x_wconf 77' lang='lat' dir='ltr'>Gislenus</span> <span class='ocrx_word' id='word_1_129' title='bbox 441 2022 529 2087; x_wconf 88' lang='lat' dir='ltr'>dedit</span> <span class='ocrx_word' id='word_1_130' title='bbox 553 2022 738 2105; x_wconf 85' lang='lat' dir='ltr'>exemplum</span> <span class='ocrx_word' id='word_1_131' title='bbox 761 2020 963 2085; x_wconf 83' lang='lat' dir='ltr'>venerandus</span> 
     </span>
    </p>

    <p class='ocr_par' dir='ltr' id='par_1_13' title="bbox 124 2108 1061 2194">
     <span class='ocr_line' id='line_1_22' title="bbox 124 2108 1061 2194; baseline 0 -20"><span class='ocrx_word' id='word_1_132' title='bbox 124 2110 171 2174; x_wconf 77' lang='lat' dir='ltr'>nt</span> <span class='ocrx_word' id='word_1_133' title='bbox 194 2132 350 2194; x_wconf 86' lang='lat' dir='ltr'>superans</span> <span class='ocrx_word' id='word_1_134' title='bbox 375 2131 515 2193; x_wconf 90' lang='lat' dir='ltr'>anguem</span> <span class='ocrx_word' id='word_1_135' title='bbox 539 2110 647 2174; x_wconf 82' lang='lat' dir='ltr'>meriti</span> <span class='ocrx_word' id='word_1_136' title='bbox 670 2109 829 2192; x_wconf 88' lang='lat' dir='ltr'>processit</span> <span class='ocrx_word' id='word_1_137' title='bbox 850 2108 885 2172; x_wconf 92' lang='lat' dir='ltr'>in</span> <span class='ocrx_word' id='word_1_138' title='bbox 907 2128 1061 2194; x_wconf 90' lang='lat' dir='ltr'>unguem.</span> 
     </span>
    </p>
   </div>
   <div class='ocr_carea' id='block_1_3' title="bbox 153 2295 1118 2436">
    <p class='ocr_par' dir='ltr' id='par_1_14' title="bbox 153 2295 1118 2436">
     <span class='ocr_line' id='line_1_23' title="bbox 153 2295 1118 2422; baseline 0.004 -70"><span class='ocrx_word' id='word_1_139' title='bbox 153 2299 233 2364; x_wconf 81' lang='lat' dir='ltr'>Quod</span> <span class='ocrx_word' id='word_1_140' title='bbox 253 2297 339 2353; x_wconf 84' lang='lat' dir='ltr'>sacris</span> <span class='ocrx_word' id='word_1_141' title='bbox 358 2296 418 2352; x_wconf 84' lang='lat' dir='ltr'>eius</span> <span class='ocrx_word' id='word_1_142' title='bbox 437 2297 545 2352; x_wconf 84' lang='lat' dir='ltr'>meritis</span> <span class='ocrx_word' id='word_1_143' title='bbox 556 2295 750 2422; x_wconf 32' lang='lat' dir='ltr'>&#39;pratentibus</span> <span class='ocrx_word' id='word_1_144' title='bbox 769 2296 960 2367; x_wconf 84' lang='lat' dir='ltr'>principatum</span> <span class='ocrx_word' id='word_1_145' title='bbox 979 2300 1118 2356; x_wconf 84' lang='lat' dir='ltr'>ecclesiae</span> 
     </span>
     <span class='ocr_line' id='line_1_24' title="bbox 541 2383 723 2436; baseline 0 -14"><span class='ocrx_word' id='word_1_146' title='bbox 541 2385 565 2422; x_wconf 89' lang='lat' dir='ltr'>s1</span> <span class='ocrx_word' id='word_1_147' title='bbox 596 2383 613 2420; x_wconf 88' lang='lat' dir='ltr'>a</span> <span class='ocrx_word' id='word_1_148' title='bbox 634 2383 668 2436; x_wconf 89' lang='lat' dir='ltr'>ep</span> <span class='ocrx_word' id='word_1_149' title='bbox 683 2385 723 2422; x_wconf 87' lang='lat' dir='ltr'>us.</span> 
     </span>
    </p>
   </div>
   <div class='ocr_carea' id='block_1_4' title="bbox 71 2475 1169 3092">
    <p class='ocr_par' dir='ltr' id='par_1_15' title="bbox 72 2475 1076 2830">
     <span class='ocr_line' id='line_1_25' title="bbox 72 2475 1076 2561; baseline 0.001 -18"><span class='ocrx_word' id='word_1_150' title='bbox 72 2494 106 2543; x_wconf 83' lang='lat' dir='ltr'>oo</span> <span class='ocrx_word' id='word_1_151' title='bbox 126 2475 313 2543; x_wconf 77' lang='lat' dir='ltr'>Certantem</span> <span class='ocrx_word' id='word_1_152' title='bbox 336 2476 473 2561; x_wconf 90' lang='lat' dir='ltr'>placidis</span> <span class='ocrx_word' id='word_1_153' title='bbox 497 2476 728 2542; x_wconf 90' lang='lat' dir='ltr'>monachorum</span> <span class='ocrx_word' id='word_1_154' title='bbox 753 2477 867 2541; x_wconf 90' lang='lat' dir='ltr'>deinde</span> <span class='ocrx_word' id='word_1_155' title='bbox 891 2479 951 2542; x_wconf 86' lang='lat' dir='ltr'>sub</span> <span class='ocrx_word' id='word_1_156' title='bbox 975 2480 1076 2544; x_wconf 89' lang='lat' dir='ltr'>armis</span> 
     </span>
     <span class='ocr_line' id='line_1_26' title="bbox 125 2565 1019 2652; baseline 0.001 -22"><span class='ocrx_word' id='word_1_157' title='bbox 125 2565 318 2630; x_wconf 83' lang='lat' dir='ltr'>Arcitenens</span> <span class='ocrx_word' id='word_1_158' title='bbox 343 2566 465 2650; x_wconf 89' lang='lat' dir='ltr'>superis</span> <span class='ocrx_word' id='word_1_159' title='bbox 491 2569 639 2632; x_wconf 89' lang='lat' dir='ltr'>sanctum</span> <span class='ocrx_word' id='word_1_160' title='bbox 662 2566 832 2652; x_wconf 86' lang='lat' dir='ltr'>prospexit</span> <span class='ocrx_word' id='word_1_161' title='bbox 856 2566 897 2630; x_wconf 91' lang='lat' dir='ltr'>ab</span> <span class='ocrx_word' id='word_1_162' title='bbox 921 2566 1019 2631; x_wconf 88' lang='lat' dir='ltr'>astris</span> 
     </span>
     <span class='ocr_line' id='line_1_27' title="bbox 124 2653 1028 2740; baseline 0.002 -23"><span class='ocrx_word' id='word_1_163' title='bbox 124 2653 310 2719; x_wconf 85' lang='lat' dir='ltr'>Mittentem</span> <span class='ocrx_word' id='word_1_164' title='bbox 335 2655 483 2738; x_wconf 90' lang='lat' dir='ltr'>sapidum</span> <span class='ocrx_word' id='word_1_165' title='bbox 508 2659 621 2740; x_wconf 88' lang='lat' dir='ltr'>saepto</span> <span class='ocrx_word' id='word_1_166' title='bbox 645 2655 684 2721; x_wconf 92' lang='lat' dir='ltr'>de</span> <span class='ocrx_word' id='word_1_167' title='bbox 707 2654 825 2721; x_wconf 87' lang='lat' dir='ltr'>mentis</span> <span class='ocrx_word' id='word_1_168' title='bbox 849 2677 1028 2740; x_wconf 84' lang='lat' dir='ltr'>amomum,</span> 
     </span>
     <span class='ocr_line' id='line_1_28' title="bbox 125 2742 976 2830; baseline 0 -22"><span class='ocrx_word' id='word_1_169' title='bbox 125 2742 253 2808; x_wconf 88' lang='lat' dir='ltr'>Nomen</span> <span class='ocrx_word' id='word_1_170' title='bbox 277 2743 366 2808; x_wconf 90' lang='lat' dir='ltr'>cuius</span> <span class='ocrx_word' id='word_1_171' title='bbox 392 2743 517 2809; x_wconf 89' lang='lat' dir='ltr'>habens</span> <span class='ocrx_word' id='word_1_172' title='bbox 541 2745 607 2810; x_wconf 86' lang='lat' dir='ltr'>late</span> <span class='ocrx_word' id='word_1_173' title='bbox 631 2745 774 2830; x_wconf 81' lang='lat' dir='ltr'>signavit</span> <span class='ocrx_word' id='word_1_174' title='bbox 796 2745 831 2809; x_wconf 93' lang='lat' dir='ltr'>in</span> <span class='ocrx_word' id='word_1_175' title='bbox 854 2744 976 2809; x_wconf 89' lang='lat' dir='ltr'>orbem.</span> 
     </span>
    </p>

    <p class='ocr_par' dir='ltr' id='par_1_16' title="bbox 126 2831 1169 2916">
     <span class='ocr_line' id='line_1_29' title="bbox 126 2831 1169 2916; baseline 0.007 -21"><span class='ocrx_word' id='word_1_176' title='bbox 126 2831 274 2916; x_wconf 89' lang='lat' dir='ltr'>Argolici</span> <span class='ocrx_word' id='word_1_177' title='bbox 298 2855 424 2896; x_wconf 91' lang='lat' dir='ltr'>summo</span> <span class='ocrx_word' id='word_1_178' title='bbox 449 2832 594 2898; x_wconf 89' lang='lat' dir='ltr'>defuncti</span> <span class='ocrx_word' id='word_1_179' title='bbox 615 2854 756 2915; x_wconf 90' lang='lat' dir='ltr'>namque</span> <span class='ocrx_word' id='word_1_180' title='bbox 780 2837 930 2916; x_wconf 84' lang='lat' dir='ltr'>patrono,</span> <span class='ocrx_word' id='word_1_181' title='bbox 1157 2863 1169 2902; x_wconf 85' lang='lat' dir='ltr'>f</span> 
     </span>
    </p>

    <p class='ocr_par' dir='ltr' id='par_1_17' title="bbox 71 2918 1169 3092">
     <span class='ocr_line' id='line_1_30' title="bbox 71 2918 1169 3007; baseline 0.001 -23"><span class='ocrx_word' id='word_1_182' title='bbox 71 2932 106 2984; x_wconf 74' lang='grc'>66</span> <span class='ocrx_word' id='word_1_183' title='bbox 126 2918 230 2984; x_wconf 89' lang='lat' dir='ltr'>Orant</span> <span class='ocrx_word' id='word_1_184' title='bbox 253 2921 394 2985; x_wconf 86' lang='lat' dir='ltr'>cunctim</span> <span class='ocrx_word' id='word_1_185' title='bbox 419 2921 494 2985; x_wconf 91' lang='lat' dir='ltr'>dum</span> <span class='ocrx_word' id='word_1_186' title='bbox 518 2920 647 2986; x_wconf 90' lang='lat' dir='ltr'>madido</span> <span class='ocrx_word' id='word_1_187' title='bbox 671 2941 744 2985; x_wconf 89' lang='lat' dir='ltr'>cum</span> <span class='ocrx_word' id='word_1_188' title='bbox 767 2920 889 2985; x_wconf 89' lang='lat' dir='ltr'>lumine</span> <span class='ocrx_word' id='word_1_189' title='bbox 913 2919 1095 3007; x_wconf 77' lang='lat' dir='ltr'>Christum,</span> <span class='ocrx_word' id='word_1_190' title='bbox 1149 2944 1169 2974; x_wconf 81' lang='lat'>0&lt;</span> 
     </span>
     <span class='ocr_line' id='line_1_31' title="bbox 125 3005 967 3092; baseline 0.005 -20"><span class='ocrx_word' id='word_1_191' title='bbox 125 3005 195 3082; x_wconf 79' lang='lat' dir='ltr'>Quo</span> <span class='ocrx_word' id='word_1_192' title='bbox 220 3009 283 3073; x_wconf 88' lang='lat' dir='ltr'>sibi</span> <span class='ocrx_word' id='word_1_193' title='bbox 306 3012 474 3092; x_wconf 88' lang='lat' dir='ltr'>pastorem</span> <span class='ocrx_word' id='word_1_194' title='bbox 497 3007 681 3074; x_wconf 88' lang='lat' dir='ltr'>subscribat</span> <span class='ocrx_word' id='word_1_195' title='bbox 705 3007 789 3073; x_wconf 86' lang='lat' dir='ltr'>ovila</span> <span class='ocrx_word' id='word_1_196' title='bbox 812 3012 967 3076; x_wconf 87' lang='lat' dir='ltr'>tuentem.</span> 
     </span>
    </p>
   </div>
   <div class='ocr_carea' id='block_1_5' title="bbox 97 3249 1140 3606">
    <p class='ocr_par' dir='ltr' id='par_1_18' title="bbox 97 3249 1140 3606">
     <span class='ocr_line' id='line_1_32' title="bbox 97 3249 1140 3324; baseline 0.006 -20"><span class='ocrx_word' id='word_1_197' title='bbox 97 3250 113 3281; x_wconf 75' lang='lat'>⁸</span> <span class='ocrx_word' id='word_1_198' title='bbox 198 3251 420 3308; x_wconf 55' lang='lat' dir='ltr'>41‘Laetiferi’2</span> <span class='ocrx_word' id='word_1_199' title='bbox 453 3258 487 3307; x_wconf 77' lang='lat'>45</span> <span class='ocrx_word' id='word_1_200' title='bbox 504 3250 677 3307; x_wconf 81' lang='lat' dir='ltr'>‘conlaudat&#39;</span> <span class='ocrx_word' id='word_1_201' title='bbox 725 3255 759 3305; x_wconf 81' lang='grc'>46</span> <span class='ocrx_word' id='word_1_202' title='bbox 776 3249 957 3319; x_wconf 84' lang='lat' dir='ltr'>‘praecictus&#39;</span> <span class='ocrx_word' id='word_1_203' title='bbox 973 3271 993 3307; x_wconf 92' lang='lat' dir='ltr'>n</span> <span class='ocrx_word' id='word_1_204' title='bbox 1011 3271 1140 3324; x_wconf 86' lang='lat' dir='ltr'>supersor</span> 
     </span>
     <span class='ocr_line' id='line_1_33' title="bbox 125 3320 1137 3392; baseline 0.005 -17"><span class='ocrx_word' id='word_1_205' title='bbox 125 3327 160 3376; x_wconf 77' lang='lat'>4⁷</span> <span class='ocrx_word' id='word_1_206' title='bbox 172 3322 319 3390; x_wconf 79' lang='lat' dir='ltr'>‘capescit&#39;</span> <span class='ocrx_word' id='word_1_207' title='bbox 363 3329 397 3378; x_wconf 79' lang='lat'>52</span> <span class='ocrx_word' id='word_1_208' title='bbox 410 3322 594 3379; x_wconf 83' lang='lat' dir='ltr'>‘Accolesiae&#39;</span> <span class='ocrx_word' id='word_1_209' title='bbox 612 3320 766 3390; x_wconf 79' lang='lat' dir='ltr'>‘speuduit’</span> <span class='ocrx_word' id='word_1_210' title='bbox 783 3321 944 3392; x_wconf 84' lang='lat' dir='ltr'>lauperscr.</span> <span class='ocrx_word' id='word_1_211' title='bbox 988 3329 1022 3378; x_wconf 78' lang='lat'>65</span> <span class='ocrx_word' id='word_1_212' title='bbox 1034 3325 1087 3380; x_wconf 85' lang='lat' dir='ltr'>‘Ac</span> <span class='ocrx_word' id='word_1_213' title='bbox 1102 3327 1137 3380; x_wconf 87' lang='lat' dir='ltr'>si’</span> 
     </span>
     <span class='ocr_line' id='line_1_34' title="bbox 127 3392 1140 3465; baseline 0.006 -20"><span class='ocrx_word' id='word_1_214' title='bbox 127 3409 263 3462; x_wconf 87' lang='lat' dir='ltr'>superscr.</span> <span class='ocrx_word' id='word_1_215' title='bbox 280 3395 382 3462; x_wconf 85' lang='lat' dir='ltr'>‘quasi’</span> <span class='ocrx_word' id='word_1_216' title='bbox 406 3395 483 3465; x_wconf 82' lang='lat' dir='ltr'>‘poet</span> <span class='ocrx_word' id='word_1_217' title='bbox 501 3392 606 3448; x_wconf 79' lang='lat' dir='ltr'>abitac’</span> <span class='ocrx_word' id='word_1_218' title='bbox 623 3393 642 3446; x_wconf 94' lang='lat' dir='ltr'>h</span> <span class='ocrx_word' id='word_1_219' title='bbox 660 3392 838 3446; x_wconf 84' lang='lat' dir='ltr'>inserendum</span> <span class='ocrx_word' id='word_1_220' title='bbox 858 3410 916 3447; x_wconf 81' lang='lat' dir='ltr'>esec</span> <span class='ocrx_word' id='word_1_221' title='bbox 933 3395 1001 3449; x_wconf 86' lang='lat' dir='ltr'>nota</span> <span class='ocrx_word' id='word_1_222' title='bbox 1016 3397 1140 3462; x_wconf 84' lang='lat' dir='ltr'>quadam</span> 
     </span>
     <span class='ocr_line' id='line_1_35' title="bbox 127 3463 1140 3532; baseline 0.007 -16"><span class='ocrx_word' id='word_1_223' title='bbox 127 3463 302 3532; x_wconf 82' lang='lat' dir='ltr'>significatur</span> <span class='ocrx_word' id='word_1_224' title='bbox 322 3465 456 3520; x_wconf 86' lang='lat' dir='ltr'>‘caetera&#39;</span> <span class='ocrx_word' id='word_1_225' title='bbox 509 3470 544 3519; x_wconf 78' lang='lat'>56</span> <span class='ocrx_word' id='word_1_226' title='bbox 560 3463 678 3518; x_wconf 77' lang='lat' dir='ltr'>‘caetus&#39;</span> <span class='ocrx_word' id='word_1_227' title='bbox 731 3467 765 3517; x_wconf 76' lang='lat'>68</span> <span class='ocrx_word' id='word_1_228' title='bbox 781 3463 943 3532; x_wconf 82' lang='lat' dir='ltr'>‘Gyslenus&#39;</span> <span class='ocrx_word' id='word_1_229' title='bbox 965 3495 997 3503; x_wconf 97' lang='lat'>—</span> <span class='ocrx_word' id='word_1_230' title='bbox 1020 3465 1140 3524; x_wconf 82' lang='lat' dir='ltr'>‘aeccle-</span> 
     </span>
     <span class='ocr_line' id='line_1_36' title="bbox 125 3532 758 3606; baseline -0.002 -18"><span class='ocrx_word' id='word_1_231' title='bbox 125 3533 195 3590; x_wconf 81' lang='lat' dir='ltr'>siae’</span> <span class='ocrx_word' id='word_1_232' title='bbox 216 3566 250 3575; x_wconf 96' lang='lat'><em>—</em></span> <span class='ocrx_word' id='word_1_233' title='bbox 275 3541 308 3590; x_wconf 80' lang='lat'>62</span> <span class='ocrx_word' id='word_1_234' title='bbox 329 3536 433 3604; x_wconf 84' lang='lat' dir='ltr'>‘septo’</span> <span class='ocrx_word' id='word_1_235' title='bbox 490 3540 523 3590; x_wconf 83' lang='lat'>65</span> <span class='ocrx_word' id='word_1_236' title='bbox 545 3532 758 3606; x_wconf 77' lang='lat' dir='ltr'>‘cunctimdum&#39;</span> 
     </span>
    </p>
   </div>
   <div class='ocr_carea' id='block_1_6' title="bbox 0 0 1185 3946">
    <p class='ocr_par' dir='ltr' id='par_1_19' title="bbox 0 0 1185 3946">
     <span class='ocr_line' id='line_1_37' title="bbox 0 0 1185 3946; baseline 0 0"><span class='ocrx_word' id='word_1_237' title='bbox 0 0 1185 3946; x_wconf 95' lang='lat' dir='ltr'> </span> 
     </span>
    </p>
   </div>
  </div>
 </body>
</html>
