2354 3946
121 198 181 262 124
349 193 505 249 VIRGILII
523 193 688 249 naaonls
706 192 912 249 EPISTOLAE.

118 354 207 413 retur
229 369 247 414 o
269 369 362 433 epona
383 352 461 412 recte
481 347 541 427 feci
562 348 613 413 ael
634 349 753 413 locutas
774 346 870 411 snm?
891 347 1010 429 plurali
1030 351 1141 414 tamen

118 455 253 497 numero
268 434 454 498 uocatiuum
470 452 594 495 cassum
609 432 766 509 inueniri,
788 432 823 495 in
839 430 972 495 dubium
988 433 1073 497 nulli
1089 435 1141 498 uel

120 518 384 583 contendentium
411 518 497 600 parti
525 517 636 580 uenire
657 520 778 599 potest,
812 518 849 579 ut
874 535 933 581 nos
954 537 972 580 o
995 538 1017 582 a
1039 520 1139 600 nobes

119 604 308 686 praesertim
337 623 409 665 cum
436 601 645 684 imperatiuus
667 599 781 665 modus
805 600 901 664 etiam
925 601 1048 684 primae
1072 625 1139 687 per·

93 709 218 752 saonae
239 687 357 770 plurali
378 707 511 749 numero
534 684 620 748 llecti
642 685 754 748 soleat.
782 705 854 748 cum
877 685 964 749 enim
989 688 1070 751 dicis
1084 708 1140 753 nos

119 773 273 848 dicamas,
296 791 354 836 uos
368 770 430 834 hoc
446 770 515 834 loco
530 769 695 833 uocatiuus
712 790 819 833 cassus
835 790 903 833 esse
917 774 1042 854 potest,
1066 772 1140 837 licet

120 859 153 920 et
179 857 399 920 nominatiuus
428 875 497 918 esse
529 875 593 917 non
615 857 762 938 negetur.
799 853 855 918 sed
877 853 916 918 de
939 854 1001 920 hoc
1023 878 1136 940 prono·

119 941 205 1006 mine
227 943 305 1005 satis
327 941 370 1003 sit
391 939 520 1002 dietum.

203 1024 275 1088 Hoc
296 1029 405 1087 tamen
428 1042 606 1104 pronomen
629 1021 884 1105 conpossitiones
905 1021 986 1087 duas
1015 1025 1137 1108 recipit,

80 1130 104 1168 ιο
118 1109 170 1172 uel
200 1130 271 1173 cum
300 1109 404 1191 ipsum
432 1107 521 1169 illum
552 1105 735 1188 duplicatur
763 1111 801 1170 ut
828 1127 952 1189 aqueae,
985 1109 1039 1172 uel
1067 1130 1137 1173 cum

117 1197 179 1256 met
200 1192 354 1274 syllabam
377 1191 511 1274 recipiet
533 1195 570 1255 ut
591 1196 723 1273 epomel:
751 1191 798 1254 sic
820 1195 905 1274 tuta,
932 1197 1045 1273 mmet,
1067 1214 1135 1269 sese,

116 1282 219 1340 semet.
257 1280 305 1339 est
328 1280 360 1339 et
382 1275 537 1358 quaedam
561 1276 706 1358 quaestio
729 1275 765 1338 in
787 1277 1032 1358 pronominibus
1057 1277 1136 1340 diffi-

116 1360 185 1423 cilis
219 1364 251 1423 et
285 1360 479 1424 solutionem
508 1361 586 1423 satis
619 1359 748 1444 indiga:
781 1381 858 1423 nam
893 1381 965 1424 cum
1000 1361 1136 1425 dicimus

117 1465 203 1509 meua
230 1450 303 1509 brus
337 1463 414 1509 saus
450 1447 482 1507 et
513 1445 549 1507 in
582 1444 699 1527 plurali
732 1465 867 1508 numero
896 1450 1000 1511 noae
1026 1451 1135 1527 cesten

78 1530 282 1612 requaeritur
310 1551 406 1612 quam
432 1529 562 1592 tertiam
593 1549 763 1610 personam
797 1528 860 1592 huc
892 1550 1013 1613 ponere
1046 1530 1136 1594 debe-

117 1613 231 1678 amus?
263 1618 387 1698 negant
413 1613 542 1696 quidam
571 1614 700 1677 tertiam
728 1634 897 1696 personam
925 1615 962 1678 in
984 1614 1135 1679 hocloco

117 1699 200 1762 sumi
227 1699 356 1782 penitus
385 1701 543 1781 oportere.
585 1697 736 1761 nonnulli
765 1718 824 1780 pro
853 1697 993 1780 quodam
1021 1699 1135 1764 solatio

118 1785 327 1848 scribentium
344 1803 380 1846 ac
395 1782 572 1867 legentium
587 1782 716 1846 tertiam
731 1802 902 1864 personam
917 1782 1024 1867 illam,
1043 1805 1136 1867 quam

117 1869 153 1932 in
175 1869 330 1953 singulari
352 1888 485 1931 numero
507 1887 728 1950 posueramus,
756 1867 788 1929 id
811 1874 860 1930 est
880 1885 973 1949 suas,
998 1888 1135 1932 commu·

78 1980 103 2020 so
117 1974 191 2017 nem
208 1975 275 2016 esse
292 1952 473 2036 diffiniunt,
496 1955 532 2016 ut
552 1952 662 2016 dicant
677 1951 738 2015 sic:
753 1971 841 2016 meus
854 1956 927 2016 tuns
941 1971 1021 2016 suus
1035 1958 1136 2018 aanor

115 2043 216 2102 aester
237 2057 329 2119 savus,
355 2036 470 2118 quibus
492 2057 552 2100 nec
575 2036 702 2100 credere
723 2056 782 2100 uec
804 2035 936 2099 omnino
958 2035 1136 2102 discredere

116 2122 249 2184 licenter
277 2120 444 2200 audemus,
474 2121 613 2184 maxime
640 2142 711 2184 cum
740 2119 862 2184 nullam
889 2120 1050 2186 rationem
1078 2121 1135 2186 hoc

114 2204 184 2267 loco
207 2205 392 2280 inueniant,
416 2223 478 2286 qua
500 2207 631 2267 seruant
651 2204 780 2268 tertiam
802 2226 973 2287 personam
995 2228 1057 2271 nec
1079 2208 1135 2271 ite·

115 2309 185 2350 rum
208 2289 327 2351 resumi
349 2286 684 2369 inreprehensibiliter
703 2310 800 2371 posse
822 2288 875 2353 uel
898 2288 1025 2355 debere.

183 2495 206 2546 9.
224 2488 281 2543 Ara
297 2505 343 2542 aa.
357 2488 442 2543 Bura.
452 2505 482 2557 p.
494 2491 553 2554 140,
566 2493 613 2544 15:
636 2489 709 2544 Item
721 2488 895 2558 Virgilius
906 2490 1013 2544 iterum
1025 2491 1062 2545 de
1073 2507 1137 2562 pro·

114 2555 273 2609 nominibus
292 2557 446 2625 conpositis
464 2556 548 2610 dixit:
568 2573 621 2626 ego
634 2572 791 2627 pronomen
803 2556 915 2611 finitum
928 2558 1137 2627 conpositiones

114 2623 185 2677 duas
202 2622 323 2691 recipit.
336 2664 342 2677 .
357 2666 363 2679 .
376 2623 516 2692 syllabam
533 2624 642 2703 recipit.
727 2631 756 2678 12
783 2627 840 2680 Ars
857 2642 906 2678 aa.
923 2624 1011 2680 Besa.
1023 2641 1056 2748 ἔ).
1073 2631 1135 2694 137,

112 2693 162 2745 27.-
180 2689 234 2744 Sed
252 2690 298 2744 hic
316 2691 413 2759 aliqua
430 2692 540 2760 questio
558 2694 659 2759 oritur,
678 2694 710 2746 ut
720 2692 856 2762 Virgilius
867 2691 948 2746 Maro
966 2692 1024 2747 dixi
1043 2713 1051 2747 r
1071 2710 1136 2748 cum

113 2757 232 2811 dicimus
256 2774 335 2812 meus
357 2762 422 2812 tuus
444 2777 510 2814 suus
533 2761 629 2814 noster
650 2761 744 2815 vester
766 2759 919 2829 queritur.
941 2759 1012 2815 ,hic
1028 2778 1135 2832 ponere

114 2824 249 2880 debemus
267 2825 372 2893 plurali
384 2843 508 2885 numero.
535 2828 615 2881 nulla
627 2827 702 2880 euim
715 2827 788 2881 ratic
800 2827 830 2881 in
842 2826 969 2882 hocloco
981 2829 1134 2895 iuvenitur,

133 2910 171 2947 ua
182 2893 298 2948 tertiam
309 2909 457 2962 personam
469 2895 574 2948 iterum
584 2895 689 2949 resumi
697 2894 988 2962 inreprehensibiliter
997 2911 1082 2965 posse
1091 2897 1136 2951 vel

114 2911 217 3016 debere
237 2962 300 3031 quis
317 2959 400 3014 dieat.
426 2962 554 3016 nonnulli
571 2964 667 3017 tamen
684 2978 736 3032 pro
755 2962 878 3040 quodam
896 2962 1000 3017 solatio
1013 2965 1135 3019 scriben-

113 3030 186 3084 tium
205 3029 242 3084 ad
258 3029 415 3098 legentium
435 3071 440 3082 .
459 3075 465 3087 .
485 3047 570 3098 quam
588 3031 617 3084 in
635 3029 773 3101 singulam
790 3046 906 3084 numero
923 3046 1088 3099 posueram,
1105 3031 1135 3085 id

114 3099 157 3151 est
175 3115 240 3151 suus
253 3113 431 3218 corqmuuem
443 3113 502 3151 esse
516 3097 655 3151 definiunt
671 3098 747 3152 iuter
764 3098 935 3169 singularem
954 3099 984 3153 et
994 3099 1133 3168 pluralem

112 3181 261 3218 numerum
279 3183 297 3218 u
328 3211 333 3223 .
354 3207 359 3216 .
379 3210 385 3222 .
405 3182 478 3219 suus.

127 3417 133 3428 .
181 3357 196 3405 9
214 3351 323 3428 recepit
339 3350 372 3404 N
386 3352 396 3419 ΙΙ
416 3357 447 3404 to
456 3351 474 3403 f.
495 3366 558 3404 cum
577 3352 607 3403 et
624 3350 658 3404 N
671 3353 682 3421 l
702 3358 733 3407 14
749 3369 827 3431 meas
843 3352 877 3404 N
890 3351 980 3433 l.¹3.f.·
999 3368 1086 3421 quam
1102 3353 1132 3405 in

110 3418 259 3551 {138ngqu
261 3432 386 3538 ιξιτιιιῖιςιὲτο
405 3434 439 3472 aa
456 3423 516 3473 arte
534 3433 581 3473 aa.
599 3417 685 3477 Rem.
703 3434 805 3486 recepe,
830 3436 849 3486 p
866 3433 924 3484 qua
937 3419 1008 3490 plrm
1026 3420 1061 3475 N
1073 3421 1083 3489 Ι
1103 3425 1133 3474 19
