2354 3946
59 189 102 254 74
364 187 412 244 VI.
439 186 527 242 VITA
546 186 573 245 S.
588 184 762 244 essemus

56 352 225 419 Iustitium
248 350 408 435 cohibete,
430 371 521 436 rogo,
543 353 740 434 coeptosque
764 348 896 415 dolores

1 462 39 513 760
58 443 206 507 Temnite
229 463 288 506 nec
311 441 400 505 ullus
422 440 510 506 votis
533 439 676 504 obsistat
698 438 836 522 adeptis,

59 530 153 608 Quod
174 529 280 596 facere
305 532 433 612 exopto,
456 550 513 593 rex
536 524 688 592 Christus
711 528 753 592 ab
777 527 913 593 aethere
937 529 1027 595 celso

57 618 156 686 Favit
180 622 213 682 et
237 618 422 683 admotam
446 615 573 681 monuit
594 616 769 699 perducere
792 615 941 682 certam?

58 708 148 773 Haec
166 711 199 772 et
222 708 318 792 plura
341 707 476 790 loquens
500 708 630 787 patrum
654 706 921 789 monimentaque
941 728 1073 772 oensem

58 795 255 880 Temptabat
278 795 379 860 lenire
403 793 528 860 animos
552 797 586 858 et
607 793 740 858 reddere
763 794 880 858 laetos.

6 904 40 954 oo
59 884 149 950 Haec
172 884 230 948 nbi
253 885 340 949 dicta
362 883 461 966 dedit,
483 882 598 967 populi
621 882 762 946 clamore
783 879 914 966 profari

61 971 204 1057 Coeperc
228 970 353 1057 ingenti
375 971 561 1036 frendentes
584 970 679 1035 corde
702 969 839 1037 dolenti:

60 1061 131 1126 ‘Sin
154 1060 237 1124 elios
261 1060 341 1123 fines
366 1060 528 1143 aliamque
552 1080 720 1141 capessere
742 1061 875 1144 gentem

59 1148 122 1213 Est
145 1147 272 1212 animus
295 1147 466 1231 poscisque
490 1147 560 1212 solo
585 1147 737 1212 decedere
758 1150 888 1212 nostro:

60 1236 140 1314 Quis
168 1235 279 1300 caulas
311 1238 405 1321 reget
434 1234 583 1320 hancque
611 1258 743 1301 manum
772 1236 859 1319 quis,
887 1236 967 1302 heu!
996 1239 1071 1303 bene

724 1323 849 1390 ascet?
900 1324 903 1330 ’

7 1432 41 1483 70
59 1413 145 1498 Ipsis
170 1411 282 1478 sedato
306 1413 475 1498 respondit
497 1417 629 1496 pectore
652 1347 765 1498 pasptor

61 1501 158 1589 Spem
181 1502 274 1568 vultu
299 1503 456 1566 simulans
480 1523 696 1587 pressansque
719 1502 754 1566 in
777 1502 872 1568 corde
896 1502 1055 1569 dolorem:

60 1592 198 1658 ‘Solvite
221 1592 316 1657 corde
340 1595 477 1675 metum,
500 1590 583 1674 cari,
605 1590 762 1655 secludite
785 1613 893 1656 curas:

61 1681 209 1747 Christus
234 1680 295 1746 crit
318 1683 432 1765 pastor
454 1679 548 1745 vobis
572 1682 606 1743 et
629 1700 706 1743 cura
729 1679 860 1765 salutis3

59 1769 233 1835 Rectorem
256 1770 395 1853 tribuet,
419 1768 474 1852 qui
497 1789 555 1833 vos
580 1767 620 1832 ad
643 1768 764 1852 pabula
787 1767 893 1833 ducet.

0 1875 41 1925 76
59 1859 164 1923 Fidite
189 1859 223 1921 in
245 1857 349 1943 ipsius
372 1857 529 1942 suffragia
551 1856 698 1940 firmiter,
721 1855 784 1921 eia!

61 1946 195 2032 Semper
217 1946 322 2013 honos
341 1950 550 2030 vestrumque
569 1944 665 2011 decus
687 1966 871 2029 nomenque
894 1948 1073 2013 manebunt

59 2034 129 2100 Nec
153 2057 211 2100 vos
235 2036 302 2100 ulla
326 2036 393 2099 dies
416 2057 560 2119 unquam
583 2033 720 2099 memori
743 2033 864 2098 eximet
887 2057 981 2121 aero,
1075 2043 1078 2047 ’

59 2124 215 2188 Immanis
239 2145 382 2188 convexa
404 2124 501 2207 polus
525 2123 601 2187 dum
626 2122 731 2187 sidera
753 2120 887 2207 pascet?

61 2209 113 2275 Sic
136 2214 251 2295 pastor
274 2215 440 2293 strenuus3
462 2211 596 2275 tandem
619 2209 793 2296 Memphea
814 2211 968 2278 iuventus

7 2317 41 2367 80
60 2296 240 2381 Respondit
261 2297 372 2374 verbo,
394 2319 462 2362 non
485 2298 531 2362 sic
554 2297 589 2363 in
610 2300 752 2383 pectoris
776 2303 885 2365 antro:

60 2386 194 2471 ‘Incipe3
218 2386 285 2451 iam
304 2386 465 2470 uolumus,
487 2386 584 2452 iussit
607 2389 693 2471 quod
717 2388 759 2452 ab
783 2388 914 2454 aethere
937 2388 1053 2457 Iesus?

214 2542 257 2598 De
275 2541 450 2599 ordinatione
469 2543 547 2598 urbis
566 2544 595 2598 et
613 2543 751 2601 electione
770 2541 917 2600 sociorum.

60 2652 198 2719 Ordinat
220 2651 298 2720 hinc
320 2655 434 2720 urbem
456 2655 545 2741 plebi
568 2655 740 2721 statuendo
764 2653 926 2738 levamen,

60 2740 250 2828 Componit,
272 2744 370 2831 ditat,
393 2745 505 2826 tuitur,
528 2744 690 2810 benedicit
712 2748 746 2808 et
768 2746 866 2808 ornat

60 2831 169 2918 Eligit
191 2835 224 2896 et
248 2834 353 2900 socios
376 2834 428 2898 his
450 2833 637 2899 nominibus
659 2833 837 2898 vocitatos:

131 3065 184 3115 269
208 3066 252 3112 cr
272 3057 437 3114 ‘iusticiam'
466 3055 683 3124 c‘ceptosqne'
711 3056 814 3110 r‘cae
835 3057 945 3127 tosqne’
1021 3064 1075 3114 260

62 3130 233 3200 “lempnite'
285 3136 338 3185 266
356 3134 377 3180 Ε
393 3127 643 3207 *ωοιιὶωεριαᾳιιῶ
696 3131 749 3181 264
767 3131 788 3177 F
805 3073 967 3183 ‘tentabat'
1020 3135 1074 3185 266

60 3199 265 3256 r‘frcdentes’
331 3205 383 3254 260
406 3204 427 3250 r
449 3196 545 3252 omisrt
564 3196 698 3251 ‘maculo’
760 3202 813 3251 270
834 3199 1002 3268 ‘respondit’
1023 3217 1075 3271 per

60 3271 257 3341 compendium
286 3271 422 3338 scriptum
445 3271 500 3334 est,
528 3269 562 3321 ut
584 3267 656 3322 duce
680 3269 821 3322 extremae
843 3267 957 3325 litterae
980 3271 1076 3327 desint

59 3347 81 3396 r
101 3340 266 3410 ‘respondet’
323 3346 375 3395 272
393 3346 415 3395 r
436 3337 568 3393 ‘Voloite’
626 3342 678 3391 276
698 3338 908 3394 c‘manebunt‘
929 3357 980 3410 per
998 3359 1073 3398 com·

59 3413 193 3480 pendium
212 3411 349 3481 scriptum
375 3418 396 3464 r
417 3406 557 3466 ‘mauebit’
622 3413 674 3462 277
694 3415 711 3461 0
732 3409 888 3478 ‘umquam'
914 3415 958 3463 (tr
978 3411 1071 3469 ‘mori’

60 3485 113 3534 276
132 3487 150 3533 0
166 3481 289 3550 ‘sydera'
340 3488 394 3539 280
413 3482 447 3539 cf.
462 3485 523 3536 270.
541 3509 571 3518 -
592 3474 783 3534 o‘soticrum’
806 3509 839 3519 -
863 3483 915 3533 262
935 3486 953 3530 0
971 3482 1071 3551 ‘plebi'

60 3566 111 3620 per
128 3549 325 3620 compendium
345 3554 480 3624 scripturn
498 3552 623 3607 extrema
641 3549 737 3606 littera
755 3550 873 3614 omissa3
892 3561 930 3599 an
944 3549 1074 3617 ‘plebem
