2422 3976
410 182 472 240 Vll.
499 183 626 239 PASSIO
645 185 673 240 S.
691 183 861 242 ARNULUI.
1078 186 1139 250 101

130 343 212 410 Cum
236 365 329 410 cruce
352 347 429 428 post
452 346 546 410 illum
569 347 689 411 celeres
713 346 847 411 extende
871 345 977 412 viator

128 433 278 498 Nudatus
302 434 410 500 calles.
454 434 567 498 Mundi
589 435 666 518 quia
689 435 823 501 mobilis
844 434 941 500 huius

57 538 110 588 420
130 521 277 606 Transit,
300 526 337 586 ut
361 522 477 588 umbra
499 523 613 609 fugax,
635 522 747 608 frater,
770 523 923 609 dignosce
946 525 1100 609 figuram,

130 610 254 686 Quidve
277 611 379 694 valet,
403 611 490 695 quod
512 615 581 677 tam
604 612 701 677 breve
726 612 783 696 sit,
806 612 947 678 statione
971 613 1109 696 carebit,

128 699 275 784 Labitur,
298 700 445 785 elapsum
468 700 580 784 rapide
603 700 690 784 quod
710 722 806 766 nemo
830 701 1008 785 reprendit,

130 787 276 873 Quidque
300 788 463 873 recepturi
486 789 552 853 sint
574 810 635 874 pro
660 788 776 854 sudore
798 789 888 854 fideli

128 876 287 941 Mereedis
311 875 435 942 Christi
458 878 598 942 cultores
621 898 721 942 necne
745 878 883 960 maligni

56 981 109 1031 425
129 961 296 1050 Supplicii.
342 963 446 1049 Super
469 987 565 1030 omne
587 987 674 1048 cave,
695 988 737 1054 ne
761 967 867 1051 gloria
888 966 971 1031 facti
1159 985 1175 1026 r.

128 1052 229 1118 Istius
252 1057 370 1139 tangat
391 1057 434 1139 te,
457 1075 568 1118 verum
592 1054 691 1119 dicito
716 1055 865 1139 supplex:

129 1140 205 1206 Non
227 1142 323 1207 nobis
347 1142 412 1226 sed,
436 1141 574 1224 Christe,
597 1142 661 1207 tibi
682 1146 741 1208 tua
763 1143 870 1234 glorie
893 1141 1007 1209 detur?
1105 1105 1107 1110 Ι

520 1295 576 1352 Ubi
594 1297 749 1354 exhibetur.

128 1405 189 1470 His
214 1406 309 1472 dietis
334 1406 479 1472 animum
501 1407 632 1491 praesul
656 1407 780 1472 solatus
804 1408 909 1472 amici.

513 1562 568 1618 Ubi
586 1561 756 1617 reficiuntur.

128 1671 259 1737 Interea
283 1672 398 1738 domus
423 1672 587 1756 obsequiis
610 1694 766 1737 concussa
790 1672 945 1737 modestis

58 1776 110 1825 430
129 1758 243 1825 Certat
267 1783 369 1826 ovans
392 1783 430 1826 ac
454 1760 623 1844 sollicitat,
647 1782 785 1844 quorum
808 1761 933 1846 indiget
956 1782 1043 1825 usus.

130 1849 310 1934 Apponuut
331 1850 454 1914 mensis
478 1848 601 1914 alacres
624 1849 768 1933 aptanda
790 1849 946 1933 ministri3

128 1936 239 2021 Larga
262 1937 382 2021 dapum
405 1937 555 2002 manibus
579 1937 723 2002 defertur
745 1938 839 2022 eopia
861 1938 980 2021 plenis3

129 2023 282 2090 Crateras
306 2029 456 2090 statuunt
478 2027 557 2092 laeti
580 2027 754 2110 vinumque
778 2029 944 2092 coronant.

128 2112 266 2178 Potibus
290 2116 389 2198 atque
412 2115 491 2179 cibis
516 2115 689 2200 accingunt
713 2115 824 2180 ordine
846 2116 936 2179 lecti:

57 2218 109 2266 435
128 2201 283 2266 Protinus
307 2202 457 2287 indulget
480 2202 544 2267 sibi
568 2205 704 2288 quisque
727 2225 765 2267 ex
788 2225 878 2269 more
902 2207 1046 2287 coaetus3

128 2290 266 2356 Fercula
289 2291 501 2357 mandentum
525 2293 712 2358 stomachos
735 2294 771 2356 in
792 2294 913 2358 robora
934 2292 1065 2358 tollunt.

287 2445 343 2502 Ubi
362 2448 460 2502 adesse
478 2446 592 2503 iubetur
610 2465 690 2505 sacra
708 2447 788 2518 virgo
808 2447 980 2517 Scariberga

128 2555 230 2620 Porro
253 2556 416 2642 pontificis
440 2556 530 2622 iussu
554 2555 748 2644 Scariberga
769 2561 906 2623 vocatur
998 2635 1005 2648 ι

127 2644 251 2709 Adfore
275 2645 420 2710 convivis
444 2649 477 2710 et
498 2646 622 2710 vietum
646 2668 772 2711 sumere
794 2646 898 2710 laetis.

129 2731 242 2817 Sacra,
265 2734 387 2799 bonum
411 2734 501 2798 cuius
525 2733 674 2799 caelestis
698 2734 830 2799 flamma
853 2733 1012 2816 coquebat

55 2837 108 2888 440
127 2821 352 2905 Propositum,
376 2826 533 2908 sponsata
556 2822 637 2904 viro,
659 2827 770 2887 tamen
792 2823 936 2908 integra,
959 2825 1082 2905 sancto,

126 2910 268 2975 Pulchre
292 2910 423 2996 quidem
444 2911 537 2993 facie,
559 2910 635 2975 fidei
658 2932 753 2997 mage
776 2911 913 2995 pulchra
935 2911 1051 2993 nitore,

126 2998 172 3063 Ut
195 3021 282 3083 rosa,
306 3021 379 3064 cum
403 3000 552 3084 zephyris
577 2999 778 3082 spirantibus
801 2999 928 3083 intepet
952 3020 1031 3062 aura

125 3086 256 3171 Verque
278 3088 398 3152 rubens
422 3088 512 3172 cogit
534 3088 709 3171 pubescere
734 3089 881 3173 germina
903 3090 1020 3170 terrae,

125 3177 307 3262 Egrediens
330 3176 435 3241 nitido
459 3181 553 3259 paret
576 3175 723 3260 speciosa
746 3176 847 3240 cubili

54 3281 106 3330 445
125 3265 284 3330 Mirantes
309 3265 419 3330 oculos
442 3264 561 3329 feriens
585 3264 733 3328 radiante
757 3264 878 3329 colore:

197 3480 251 3530 420
271 3474 409 3528 ‘dinosco'
474 3477 528 3528 434
547 3471 648 3542 ‘cybia’
713 3478 766 3528 438
787 3472 905 3530 ‘Affers’
932 3473 1020 3530 ‘letis'
1085 3479 1139 3531 439

128 3544 263 3601 ‘celestis’
319 3549 372 3599 442
393 3543 535 3614 ‘zephiris'
592 3549 646 3600 444
666 3543 811 3613 ‘spetiosa’
