2354 3946
114 182 156 247 '¹10
347 175 502 232 VIRGlLII
520 172 687 230 MARONIS
704 171 901 227 EPITOMAE.

114 333 248 416 dicitur,
275 332 330 415 qui
352 331 396 394 sit
416 329 608 414 praecipuus
632 328 744 392 doctor
766 334 797 392 et
820 324 1046 391 aduerbialiter
1067 348 1140 392 mn-

110 420 209 502 oistm·
235 438 295 501 pro
324 417 408 481 docte
436 415 593 498 accipitur
620 414 704 477 sicut
725 411 912 476 Lucanus
934 411 982 476 ait
1003 412 1141 478 doctores

114 505 228 568 cimici
250 503 352 566 nostri
372 502 523 583 mocister
544 500 654 563 ommia
674 497 844 577 faciebant.
878 500 958 560 sunt
972 497 1071 561 etiam
1086 497 1140 562 ad·

113 588 226 651 uerbia
248 607 329 670 quae
350 590 483 669 propter
504 587 680 648 metrorum
702 581 911 646 necessitates
934 581 986 645 uel
1006 585 1141 667 propter

87 676 257 737 saeterem
279 670 548 735 consuetudinem
570 671 603 733 et
623 671 660 731 ut
682 667 842 731 elimatius
858 666 980 749 dicam,
1004 672 1140 752 propter

112 756 264 820 uitiosum
293 756 517 820 inuentionem
546 758 601 817 aut
628 751 792 816 adduntur
820 754 857 814 ut
881 752 1059 833 forttositer
1081 774 1139 837 pro

110 842 251 922 fortiter,
269 846 420 923 complosa
430 861 490 924 pro
506 843 637 922 compte,
653 840 710 901 aut
724 837 917 900 minuuntur
931 839 970 900 ut
986 839 1141 905 audacter

112 947 172 1009 pro
195 927 375 1002 ucidcoiter,
394 925 515 1005 felicter
533 944 593 1007 pro
605 923 747 1003 feliciter.
786 922 855 986 bem'
868 923 975 987 instar
987 923 1043 1003 fas
1058 945 1139 988 non·

113 1011 195 1073 nulli
218 1015 335 1092 putant
357 1009 491 1072 nomina
513 1030 582 1072 esse
597 1006 813 1085 intenibilis,
838 1005 971 1071 aeduos
987 1007 1140 1073 aduerbia

75 1110 183 1158 messe
204 1113 271 1156 non
293 1093 496 1176 ambigimus.
536 1091 690 1157 aduerbia
713 1092 934 1176 congregandi
956 1114 1025 1157 nou
1040 1095 1138 1158 unius

112 1182 190 1241 suut
216 1180 336 1258 status,
367 1182 424 1241 aut
452 1177 538 1241 enim
568 1178 773 1261 coniungunt
795 1179 829 1241 et
850 1177 982 1241 stabilia
1004 1184 1081 1242 sunt
1102 1182 1139 1242 ut

110 1263 247 1326 iiiiiiccm
268 1281 378 1326 moinus
399 1265 456 1325 aut
478 1262 700 1326 controuersia
721 1264 758 1325 ut
781 1263 920 1327 inuicem
939 1264 1138 1346 inemyimuc

111 1352 167 1410 ulit
203 1346 361 1410 dicessiua
388 1350 425 1410 ut
454 1347 633 1412 obinuicem
661 1348 877 1429 dmiunoimur
911 1351 969 1412 cut
1000 1353 1138 1434 agapeta

112 1438 147 1494 ut
163 1451 227 1513 pro
248 1433 385 1496 {cimicem
406 1431 602 1497 laboramus.
641 1431 734 1494 multi
756 1431 910 1496 aduerbia
929 1432 969 1496 de
985 1434 1134 1497 coniunc-

75 1532 100 1572 u
113 1515 226 1579 toliuis
248 1516 372 1580 fuciunt
393 1520 430 1580 ut
451 1536 521 1599 erqo
544 1520 666 1595 tamon,
690 1519 726 1580 ut
747 1537 818 1601 erqo
838 1538 898 1600 pro
917 1537 988 1600 cepe
1003 1523 1135 1603 ponant,

112 1605 219 1666 totum
246 1622 304 1686 pro
331 1602 405 1666 iude
432 1601 524 1665 iuxta
558 1600 637 1664 illud
666 1600 839 1685 Virgilii
868 1602 1035 1668 Assiani
1066 1624 1135 1686 enyo

112 1686 218 1769 loyaut
237 1688 393 1770 sopientes
415 1692 472 1753 tim
493 1687 611 1769 scripto
633 1685 762 1769 conto,
785 1686 849 1750 hoc
871 1689 922 1751 est
943 1687 1050 1752 dicere
1068 1709 1135 1771 sepe

112 1771 219 1854 leniuit
256 1778 289 1837 et
325 1773 394 1857 ipsc
429 1772 529 1838 Octo
558 1776 664 1836 tamem
701 1770 809 1854 inquit
840 1775 963 1837 reuersi
997 1772 1135 1841 Romam

112 1859 247 1922 aimoinum
267 1859 329 1923 hoc
351 1861 401 1922 est
421 1859 496 1924 inde
516 1858 645 1924 reuersi.

457 2043 517 2128 (9.)
541 2042 588 2106 De
610 2041 791 2124 participio.

73 2221 99 2260 20
198 2191 247 2254 De
275 2193 444 2275 participio
466 2196 587 2269 autem,
618 2193 702 2275 quod
727 2215 802 2276 pars
824 2193 966 2258 nominis
989 2200 1024 2260 et
1044 2195 1134 2260 uerbi

112 2279 176 2355 est,
201 2275 239 2338 de
262 2276 377 2359 quibus
399 2278 434 2339 in
449 2277 669 2360 superioribus
685 2282 721 2340 ut
735 2281 815 2361 puto
831 2277 1033 2344 sufficienter
1048 2280 1133 2345 effati

114 2380 240 2440 summ,
271 2381 356 2424 nunc
383 2361 495 2425 breuia
519 2361 654 2425 dicenda
677 2367 763 2428 sunt.
802 2362 936 2446 gerendi
960 2365 1014 2428 uel
1036 2365 1135 2450 typici

112 2445 212 2508 uerba
235 2446 274 2509 de
296 2445 473 2529 palticipiis
493 2445 632 2510 diriucta
646 2445 755 2509 fideles
770 2448 889 2530 quique
904 2447 1074 2514 doctorum
1089 2450 1133 2514 ita

112 2528 320 2613 intellegunt,
343 2535 380 2592 ut
401 2530 543 2615 eligendi
566 2531 745 2615 genitiuum
767 2532 931 2615 participii
952 2533 1044 2600 uerbi
1064 2555 1133 2618 pas-

179 2771 203 2818 8.
221 2764 292 2819 Eaec.
311 2765 475 2834 Berml98,
492 2772 528 2822 18
545 2773 570 2821 et
589 2767 670 2821 Leid.
688 2767 785 2833 fi76l:
815 2767 933 2821 Heri-
951 2768 1133 2824 inflectabilia

111 2863 144 2871 -
163 2833 341 2902 ambigimus.
412 2841 452 2887 14.
471 2836 509 2889 io.
527 2839 592 2900 199,
611 2840 657 2888 11:
677 2834 807 2888 Multi-
819 2835 929 2889 faciunt
944 2837 979 2890 ut
996 2853 1066 2907 ergo
1083 2852 1132 2906 pro

111 2917 247 2970 saepe-
266 2900 362 2955 Asiani
380 2933 409 2940 —
433 2902 574 2970 sapientes
592 2902 693 2971 legunt
711 2933 744 2942 -
762 2903 876 2958 reversi.

182 3113 193 3157 1
215 3106 256 3176 et]
274 3108 307 3160 ut
323 3107 351 3160 P
363 3105 373 3174 ΙΙ
387 3105 429 3161 lf.
448 3104 547 3158 doctor
565 3107 595 3158 et
612 3106 781 3162 adverbium
799 3109 842 3163 est
856 3107 928 3161 sicut
944 3106 979 3161 N
988 3109 1027 3176 113
1045 3106 1132 3162 nostri

111 3187 163 3225 mii.
181 3171 216 3226 N
225 3176 235 3241 ΙΙ
248 3175 333 3227 etiam
347 3188 397 3227 om.
411 3172 445 3227 N
453 3174 463 3241 ΙΙ
477 3172 521 3229 cf.
540 3172 675 3229 adverbio
685 3179 805 3246 propter
816 3196 852 3231 m.
867 3195 894 3229 n.
907 3174 941 3229 N
949 3177 960 3244 [Ι
973 3181 1041 3230 4-6
1054 3174 1132 3231 vel—

111 3273 261 3354 adduntur¹
272 3290 324 3328 om.
342 3275 377 3328 N
385 3277 424 3345 tlt
441 3275 485 3344 ut]
505 3275 547 3327 ait
563 3275 590 3328 P
603 3277 613 3343 ΙΙ
626 3281 641 3328 6
658 3259 812 3333 fortidsiter
829 3277 862 3329 N
871 3275 881 3342 ΙΙ
895 3282 909 3328 7
921 3277 1070 3332 minuatur
1080 3279 1108 3334 P
1118 3276 1131 3346 ll

111 3345 197 3394 8-14
214 3341 520 3397 felicter-labcramus
537 3343 640 3420 ooaN
653 3346 662 3413 ΙΙ
681 3348 741 3400 15f.
764 3347 797 3397 ut
817 3345 913 3394 tamen
931 3360 995 3422 'pso'
1011 3347 1080 3400 inde
1102 3346 1134 3398 ut

109 3408 845 3548 {estecestattttsmtil-..tlt
884 3410 1015 3480 ...M
1034 3413 1134 3470 t...
