2354 3946
126 188 186 252 108
350 183 505 240 VIRGILII
522 183 689 265 MARONIS
706 182 917 243 EPISTOLAE.

124 341 160 401 ut
182 339 365 403 renouatior
387 341 495 402 secuta
518 341 602 402 esset
619 335 741 401 natura
761 336 900 421 legentis
914 338 1144 402 uicissitudini-

124 425 201 503 buS,
232 423 386 488 librorum
415 443 544 486 suorum
566 422 751 505 frequenter
778 421 881 485 diuisa
912 422 1146 507 intercapitant

125 509 291 592 opuscula;
322 507 533 591 legendorum
561 505 599 570 de
626 526 710 570 nouo
740 506 828 570 uelut
850 507 983 571 alterius
1005 510 1145 572 recentis

118 593 231 676 operis
254 591 385 656 exordia
407 592 578 655 uerborum
597 611 656 674 pro
671 590 882 655 accendendis
899 592 1048 656 sensibus
1065 614 1145 657 eom·

100 679 188 740 atius
211 677 442 761 facundiaeque
466 678 661 760 conponunt.

210 761 318 826 Haues
346 762 509 845 ogduades
537 761 718 825 orationum
740 762 849 842 partes
873 760 999 824 octenis
1021 782 1074 825 mc
1098 784 1146 826 ex·

125 846 305 930 positurum
338 847 460 931 tibique
488 847 672 910 missurum:
700 848 808 925 tuum,
840 845 1004 910 carissime
1035 845 1144 922 frater,

126 933 163 992 ut
191 931 255 995 tuis
282 932 460 995 inremissis
489 930 530 994 ad
557 929 721 994 dominum
742 929 919 993 fundendis
942 930 1146 995 orationibus

126 1015 230 1092 iuues,
254 1017 377 1078 utnon
400 1010 561 1079 solum'in
584 1035 678 1097 opere
701 1014 862 1097 praesenti
885 1015 1046 1079 sermonis
1069 1015 1146 1079 mihi

89 1099 246 1162 retribuat
274 1099 550 1182 opportunitatem
577 1099 632 1163 ille
656 1101 717 1182 qui,
731 1120 809 1182 prae
832 1099 958 1163 cunctis
981 1098 1145 1164 hominem

125 1182 212 1266 loqui
240 1184 456 1247 animantibus
484 1183 708 1247 rationabilem
736 1183 829 1263 feeit,
858 1203 970 1247 uerum
993 1185 1091 1248 etiam
1112 1185 1146 1247 in

125 1266 274 1330 omnibus
301 1268 381 1332 actis
410 1268 488 1331 meis
511 1288 693 1331 mensuram
716 1268 923 1350 cepissendae
945 1269 1092 1332 ueritatis
1115 1279 1147 1332 et

125 1351 198 1414 fidei
220 1373 382 1433 normam,
406 1373 469 1435 qua
491 1352 577 1416 credi
593 1357 625 1415 et
641 1353 802 1418 obsecrari
817 1352 948 1434 debeat,
974 1352 1147 1417 elementer

126 1435 311 1520 elargiatur.
363 1437 449 1520 quod
484 1437 548 1500 tuis
585 1436 733 1520 precibus
740 1486 749 1518 ,
787 1437 989 1501 sanctissime
1024 1435 1147 1502 Christi

88 1532 113 1570 15
126 1520 290 1602 minister,
318 1543 370 1585 me
398 1542 466 1585 non
495 1520 606 1585 dubito
635 1521 857 1585 obtenturum:
887 1525 925 1585 ut
947 1521 1004 1605 qui
1023 1521 1060 1586 in
1080 1543 1147 1586 una

128 1603 247 1671 Christi
275 1605 392 1670 militia
419 1606 550 1671 tertium
574 1606 806 1670 ecclesiasticae
829 1605 996 1689 dignitatis
1019 1606 1146 1671 obtines

128 1691 280 1774 gradum,
313 1691 348 1754 in
376 1692 478 1755 tribus
507 1690 634 1754 diuinae
661 1691 818 1754 unitatem
852 1691 1050 1755 substantiae
1079 1713 1148 1774 per·

129 1776 215 1839 sonis
231 1777 475 1841 coaeternaliter
489 1776 734 1855 subsistentem,
756 1778 793 1838 ut
806 1774 1059 1839 misericordiam
1075 1797 1144 1840 eon-

128 1881 242 1943 sequar
265 1864 444 1944 aeternam,
466 1882 538 1925 mea
559 1881 617 1944 pro
639 1860 828 1925 infirmitate
848 1861 880 1923 et
893 1860 1059 1943 inpetrare
1080 1860 1147 1944 dig-

90 1945 225 2010 20neris.
263 1946 346 2011 uale.
384 1946 492 2030 gratia
513 1949 627 2010 tecum.

197 2170 210 2215 l
229 2142 383 2227 ren⁰uatior
402 2163 474 2216 sicut
485 2179 519 2224 ῳ
530 2162 564 2216 Ν
573 2164 583 2231 ΙΙ
595 2169 612 2216 4
625 2162 790 2217 accedentis
801 2163 835 2217 N
843 2177 912 2218 corr.
924 2162 990 2217 Mai
1002 2163 1013 2232 l
1027 2170 1042 2218 5
1054 2163 1147 2217 facun-

127 2240 252 2328 dibisque
262 2262 296 2316 N
301 2264 319 2383 [lp
328 2268 343 2314 6
353 2262 511 2382 havespuha‘s
520 2263 663 2332 (=habes)
672 2263 706 2317 N
711 2265 836 2332 sequitur
844 2279 898 2322 roe.
908 2266 928 2317 2
938 2264 991 2319 lire.
1006 2266 1016 2333 ΙΙ
1030 2263 1146 2334 ltuum]

128 2332 171 2383 est
181 2331 299 2398 suppleri
319 2347 366 2384 um
379 2330 388 2397 ΙΙ
401 2335 417 2382 8
466 2330 585 2384 ndandis
605 2330 645 2395 (di
658 2347 691 2385 ee
704 2337 786 2388 corut
804 2331 838 2384 N
847 2333 857 2400 1}
870 2336 902 2384 16
914 2331 1019 2386 militia
1032 2331 1062 2402 (i,
1076 2349 1108 2388 cc
1119 2340 1145 2398 a)

127 2397 160 2452 N
170 2399 179 2466 ll
193 2396 383 2452 ecclesiastice
401 2397 435 2450 N
445 2398 454 2465 ΙΙ
468 2397 578 2451 obtines
597 2401 641 2466 (ex
660 2399 788 2463 obteues)
806 2399 844 2452 N.
