2354 3946
373 187 420 242 m.
448 186 538 242 VITA
561 186 587 242 S.
607 186 759 244 elstane
1011 187 1075 253 175

63 349 183 414 Inserit
207 371 247 414 en
269 372 430 418 mammae
453 350 561 415 cancri
584 372 618 415 se
643 350 776 415 morbus
799 349 965 435 honestae,

60 437 192 503 Vexans
216 439 271 522 qui
295 460 426 503 carnem
449 439 600 525 tergebat
624 438 756 504 crimine
780 441 931 503 mentem.

61 524 160 591 Clade
185 527 241 591 sed
265 527 385 591 amissa
408 528 499 592 nabli
522 529 582 593 sub
606 528 678 592 luce
700 527 895 611 triumphat3

8 635 41 684 90
60 615 147 680 Nam
171 616 340 700 geminans
365 620 475 701 grates
499 615 607 680 deicas
629 637 724 699 prece
748 616 900 681 verberat
923 637 1017 680 aures

61 703 220 769 Omnibus
243 704 415 789 indulgens
439 704 616 788 probitatis
640 705 686 770 sic
709 704 878 788 apodixen.

61 877 143 942 Quod
166 878 304 946 quaedam
327 851 372 933 sui
393 877 462 933 iuris
487 878 603 934 donaria
627 878 771 948 praecelso
795 877 936 932 sacerdoti
959 876 1073 933 Gisleno

61 947 263 1004 Vualdetrudis
277 948 384 1018 largito
397 949 445 1018 sit,
461 952 490 1005 et
504 949 580 1019 quod
597 948 674 1004 idem
691 949 772 1017 pater
785 965 804 1003 a
817 950 934 1003 terrenis
949 949 1073 1004 semotus

361 1019 503 1075 caelorum
520 1021 629 1075 tractus
647 1019 771 1090 petierit.

59 1129 99 1193 In
121 1131 210 1193 terra
233 1129 319 1194 votis
342 1129 494 1213 perfectis
518 1129 668 1214 lampade
692 1128 783 1194 verbi

60 1217 216 1282 Frontem
240 1217 377 1283 dilectae
401 1216 552 1283 Gislenus
576 1218 719 1284 destinat
741 1219 843 1284 aulae.

60 1307 151 1372 Tunc
175 1329 303 1390 quoque
326 1329 361 1371 se
385 1306 537 1372 comitem
555 1306 770 1372 Vualdtrndis
792 1306 899 1372 reddit
922 1307 1039 1372 eidem:

9 1414 39 1464 96
60 1393 168 1460 Galles
192 1396 361 1460 exsulcant
383 1399 508 1460 mentes
532 1418 569 1461 ac
592 1396 746 1481 dogmate
768 1396 912 1480 firmant3

59 1482 191 1549 Frivola
215 1487 440 1563 contemnunt,
463 1487 542 1549 voto
565 1506 719 1549 mansura
742 1486 926 1567 capessunt.

61 1569 114 1635 Sic
136 1573 190 1636 via
212 1572 290 1638 dum
312 1573 437 1657 teritur,
460 1573 558 1637 villae
581 1595 657 1637 mox
680 1576 794 1656 saepta
817 1575 979 1656 tenentur,

59 1658 261 1726 Framereias
284 1661 376 1726 verbi
399 1684 496 1746 quam
519 1661 711 1745 comprobat
734 1659 813 1724 ordo
836 1659 981 1743 fluentis,
1089 1671 1148 1720 rs*

58 1747 122 1813 Hic
145 1749 225 1813 lassi
247 1749 392 1815 resident
415 1750 580 1815 celebrant
603 1749 776 1834 probitatis
801 1752 834 1812 et
857 1769 960 1812 omen.
1085 1750 1150 1792 ⁰⁰12

10 1857 40 1907 >0
59 1837 143 1901 'l'um
166 1837 288 1902 domini
311 1842 391 1903 nuto
411 1838 625 1904 Vualdtrndis
649 1842 738 1903 tacta
762 1835 902 1921 benigno

59 1924 191 1990 Partem
214 1949 290 1991 mcx
312 1926 403 1991 fundi
428 1926 554 1992 Gisleni
575 1927 634 1992 dat
657 1925 785 1992 dicioni.

58 2014 137 2078 Inde
160 2015 245 2100 petit
268 2015 404 2080 claustri
427 2015 566 2081 confinia
588 2016 719 2100 praesul
743 2014 841 2079 amici

59 2104 168 2187 Atque
191 2105 263 2168 loeo
288 2103 387 2169 castri
411 2126 445 2168 se
467 2107 616 2188 praestat
637 2107 743 2168 mater
765 2101 916 2186 honoris3
974 2131 977 2136 ·

60 2189 212 2275 Quosque
235 2192 349 2257 fovent
371 2192 463 2258 verbi
485 2192 649 2258 subiectos
672 2193 759 2258 lacte
783 2191 903 2257 sacrati

10 2298 39 2349 >5
58 2277 304 2365 Assignantque
327 2281 413 2366 polo,
437 2284 505 2346 veri
529 2303 610 2366 quos
634 2280 744 2367 diligit
767 2282 873 2346 ardor.

59 2367 205 2432 Plurima
229 2369 285 2432 sed
308 2390 441 2455 gressus
464 2370 616 2453 prohibet
640 2371 716 2435 dum
738 2370 824 2436 ferre
848 2372 1005 2454 senectus,

60 2455 204 2541 Suscipit
226 2458 394 2522 ecclesiam
419 2456 596 2533 Quaternio
619 2459 698 2524 villa
720 2464 905 2540 venustam,

59 2541 179 2608 Condit
201 2567 296 2629 quam
321 2546 465 2611 studium
483 2546 677 2612 Vualtrudis
701 2548 764 2612 rite
788 2546 967 2612 canendum

58 2630 213 2697 Destinat
236 2640 269 2697 et
292 2634 390 2699 claris
413 2634 504 2699 Petri
526 2635 681 2720 Paulique
704 2634 889 2718 triumphis,

11 2741 38 2790 lo
58 2719 208 2804 Dumque
232 2722 319 2806 capit
342 2724 483 2809 culmen,
507 2722 654 2799 Quintini
677 2723 798 2788 transit
820 2721 856 2785 in
879 2742 981 2785 omen.

130 2918 181 2968 687
202 2914 345 2970 ‘mamme'
420 2920 472 2970 688
492 2915 592 2970 ‘Vexa’
613 2932 645 2968 ns
669 2929 804 2982 superscr.
883 2917 935 2967 689
957 2911 1069 2966 ‘amisa’

57 2983 178 3039 alterum
201 3001 214 3038 s
238 3001 373 3055 superscr.
437 2993 489 3041 690
509 2986 632 3056 ‘praece’
655 2983 759 3039 ‘aures’
780 2982 824 3039 bis
846 2982 972 3053 positum
990 2985 1020 3036 et
1041 2981 1071 3036 in

56 3053 135 3109 linea
155 3057 184 3110 et
202 3073 287 3125 supra
305 3057 410 3112 lineam
479 3063 529 3112 691
547 3056 717 3126 ‘indulgens’
739 3070 874 3124 superscr.
893 3054 921 3109 ‘i.
937 3052 1019 3107 dans’
1035 3083 1072 3092 -

58 3125 274 3182 ‘bealdetrudis'
297 3144 431 3199 superscr.
453 3127 549 3182 ‘beata
567 3127 613 3182 vv'
670 3132 722 3182 692
743 3126 752 3155 ‘
775 3125 898 3180 erfectis’
921 3124 1035 3179 litterae
1058 3128 1072 3177 t

56 3197 305 3268 superimpositum
324 3218 343 3268 q
406 3203 458 3253 696
475 3196 688 3253 ‘GYSLENUS'
765 3202 801 3251 94
818 3212 921 3252 nomen
937 3194 1071 3250 ‘Vualde

55 3267 160 3324 trudis'
180 3287 232 3339 per
254 3269 450 3340 compendium
470 3269 524 3324 ·W·
543 3268 677 3338 scriptum
737 3274 789 3324 696
809 3267 961 3322 ‘exulcant’
1019 3269 1070 3319 696

57 3341 285 3409 ‘contempnunt'
317 3340 492 3410 ‘capescunt'
556 3345 606 3396 697
628 3340 732 3410 ‘septa'
799 3345 850 3395 698
871 3335 1067 3392 ‘Framereias’

55 3427 95 3466 an
116 3410 316 3466 ‘Framareras'
337 3411 473 3481 seriptum
492 3411 541 3479 sit,
561 3415 699 3467 incertum
717 3413 761 3466 est
820 3415 871 3465 701
888 3406 1068 3464 ‘erstem'

56 3481 185 3536 ‘ditioni’
243 3489 294 3538 706
311 3482 444 3554 ‘proibet’
468 3482 628 3540 ‘remeatus’
646 3485 772 3538 extrema
789 3481 894 3537 lineola
911 3480 1024 3534 litterae
1042 3497 1071 3532 m

55 3569 140 3609 erasa
201 3560 251 3608 707
274 3554 464 3610 ‘aecclesiam’
