2422 3976
447 207 470 260 1.
499 206 548 261 nn
566 205 770 265 serranum,
1094 207 1116 271 5

94 358 226 446 quidem
239 358 304 423 fuit
318 360 461 440 Anneus,
478 381 573 443 quem
583 359 634 423 bis
646 358 867 422 centenarium
878 359 976 422 fuisse
988 359 1115 440 ferunt;

95 444 154 510 sed
181 444 257 527 quia
278 442 331 508 hio
352 441 424 506 Beli
447 443 611 508 cuiusdam
634 443 721 527 regis
742 443 940 526 temporibus
962 442 1062 508 fuerit
1083 449 1117 507 et

94 530 196 626 longe
229 531 306 592 ante
336 527 518 612 linguarum
550 530 710 592 retroacta
742 527 874 592 diuissio
903 530 962 610 sit,
996 547 1116 611 negare

95 633 246 698 cogimur
260 612 453 676 latinitatem
476 615 590 697 utpute
613 611 826 695 antiquiorem
849 634 889 676 ex
910 613 981 696 ipso
997 611 1115 676 Latino

95 696 302 781 usurpauisse
316 696 522 779 uocabulum,
543 697 597 761 sed
612 696 721 780 putius
735 700 772 761 ut
788 698 944 761 Aeneae
960 717 996 761 ae
1017 696 1143 760 maio-5

93 783 188 847 ribus
216 780 322 844 uisum
354 784 403 845 est
436 801 476 844 ex
507 780 677 845 latitudine
706 781 806 863 ipsius
833 781 963 865 linguae
992 784 1118 845 constat

94 867 199 932 fuisse
214 864 394 929 diriuatam.
422 864 559 948 denique
575 887 649 930 oum
664 865 815 929 hebream
830 886 1000 949 greeamue
1015 869 1117 929 trans-

96 951 192 1016 edere
206 950 242 1013 in
257 949 392 1013 latinam
406 949 553 1034 linguam
567 950 720 1032 uolueris,
740 950 823 1014 hano
839 949 988 1014 omnibus
1002 948 1116 1022 modis,

95 1034 235 1119 loquelis
256 1033 457 1098 orationibus
472 1033 666 1118 syllabisque
680 1033 825 1099 latiorem
842 1033 1005 1098 offendies.
1038 1033 1118 1097 haee

96 1126 207 1185 autem
227 1117 371 1182 latinitas
393 1121 526 1202 propter
546 1121 708 1183 oratorum
724 1119 962 1182 ornatissimum
976 1119 1118 1202 leporem
1131 1133 1156 1173 1⁰

96 1203 205 1269 oratio
219 1204 439 1287 nuncupatur,
456 1203 540 1266 unde
556 1206 589 1267 et
598 1206 706 1287 partes
717 1203 870 1267 orationis
881 1203 1118 1286 intellegendae

96 1291 177 1353 sunt
203 1289 311 1370 partes
338 1286 523 1350 latinitatis.
568 1290 603 1350 at
628 1309 706 1352 uero
728 1289 782 1371 qui
803 1291 910 1371 partes
938 1288 1119 1352 orationum

97 1392 256 1438 caraxare
270 1370 401 1450 uolunt,
425 1370 532 1435 neseio
547 1391 611 1455 qua
624 1372 815 1436 auctoritate
830 1373 1032 1456 animantur,
1055 1372 1119 1435 nisi

95 1457 185 1522 forte
206 1457 244 1519 ut
265 1454 444 1539 Glengus
466 1456 633 1537 tractant,
656 1478 751 1540 quem
773 1456 969 1541 Asperius
992 1461 1119 1521 secutus

97 1544 165 1625 est,
187 1539 351 1603 orationes
372 1561 431 1624 pro
454 1540 656 1605 sermonibus
679 1541 1021 1625 eloquentionibusque
1037 1541 1158 1606 acci-1⁵

96 1624 238 1709 piendae
259 1627 353 1706 sunt,
376 1624 513 1708 quaein
536 1627 609 1689 ooto
630 1628 739 1708 partes
760 1626 840 1690 findi
862 1626 997 1691 soleant.

185 1707 374 1773 Latinitatis
396 1713 504 1773 autem
527 1729 647 1794 genera
668 1714 744 1775 sunt
757 1709 838 1792 XII,
863 1732 999 1794 quorum
1020 1731 1120 1773 unum

96 1793 256 1858 usitatum
283 1792 375 1876 fitur,
404 1814 469 1876 quo
497 1795 557 1857 seri
583 1797 671 1858 taras
693 1794 801 1858 Latini
829 1814 938 1858 omnes
961 1797 1120 1857 atramen-

95 1881 219 1945 tantur.
263 1878 300 1940 ut
327 1879 436 1941 autem
463 1816 662 1942 duumleeim
689 1899 844 1963 generum
866 1878 1120 1963 experimentum

97 2064 212 2118 eeteros
238 2061 368 2115 auctores
392 2061 470 2114 recte
496 2061 637 2118 utebatur.
668 2061 796 2116 latinitas
822 2063 855 2116 ut
881 2063 996 2131 quidam
1022 2062 1121 2116 mount

98 2131 137 2185 ab
148 2129 199 2183 illo
210 2143 313 2182 nomen
325 2127 451 2198 aceepit,
469 2128 517 2182 sed
530 2128 581 2182 alii
592 2129 787 2184 rationabilius
798 2129 973 2185 latinitatem
984 2145 1020 2184 ex
1031 2130 1120 2200 ipsius

95 2198 215 2266 linguae
225 2194 377 2250 latitudine
386 2194 557 2249 vocabulum
566 2196 716 2265 sumpsisse
725 2197 828 2256 ferunt.
846 2213 911 2251 oum
921 2198 995 2252 enim
1005 2197 1121 2252 ebream

97 2278 253 2336 greoamre
279 2261 310 2314 in
330 2261 450 2317 latinam
472 2263 513 2316 lin
553 2280 600 2318 am
622 2264 774 2318 transferre
798 2265 919 2319 volueris
936 2295 969 2305 —
986 2265 1120 2319 invenies.

96 2347 153 2387 nee
174 2331 269 2384 minus
291 2329 396 2399 etheo
417 2329 515 2384 intuen
537 2348 599 2396 um,
622 2331 697 2399 quod
719 2331 789 2386 haee
811 2332 935 2386 latinitas
952 2349 1004 2412 pro
1025 2335 1070 2386 ter
1087 2362 1120 2372 -

96 2396 260 2454 latinitatis.
302 2395 443 2452 orationes
472 2397 548 2451 enim
578 2413 631 2467 pro
657 2400 832 2454 sermonibus
859 2400 1010 2454 elocutrom
1031 2415 1121 2468 usque

97 2480 320 2568 {apiendae—
337 2497 437 2551 solent.

168 2573 194 2624 9.
211 2564 284 2620 Eoo.
300 2563 388 2622 Bem.
406 2564 454 2632 (ef.
471 2565 585 2633 Haoeoi
599 2567 704 2622 Aneod.
728 2568 807 2622 Helo.
824 2584 854 2636 p.
875 2571 937 2634 190,
957 2572 1016 2634 16):
1042 2567 1121 2621 Haeo

97 2636 196 2690 antem
214 2663 248 2673 -
267 2631 312 2686 elo
333 2633 446 2688 uentiae
468 2633 594 2702 leporem
612 2663 645 2673 -
662 2636 738 2688 unde
755 2637 851 2704 partes
870 2666 904 2674 —
925 2638 989 2688 sunt
1013 2634 1047 2688 de
1070 2652 1121 2687 nu-

96 2717 178 2757 mero
202 2700 300 2770 partes
359 2700 488 2756 tinitatis.
524 2701 665 2756 orationes
687 2717 739 2772 pro
762 2703 936 2757 sermonibus
956 2701 1142 2759 elocutioni.

96 2770 227 2838 bnsqnae
244 2797 278 2807 —
295 2767 413 2828 soleant.

147 3005 154 3018 .
168 2943 183 3017 ¹.
196 2936 315 3016 quidam
326 2935 391 2990 Mai
402 2938 413 3006 ΙΙ
426 2936 610 2990 centinarium
622 2937 663 3002 P,
681 2938 873 2991 oenentarium
885 2939 917 2992 N
927 2939 937 3006 ΙΙ
949 2944 965 2991 2
983 2937 1053 2991 belli
1064 2937 1098 2990 N
1105 2937 1118 3071 lq

97 3005 229 3084 adiuero
242 3003 277 3057 N
284 3003 340 3072 ufir
356 3004 385 3058 P
400 3008 411 3070 Ι
426 3011 444 3058 4
461 3011 573 3083 eogem’
591 3002 626 3057 N
638 3006 653 3082 n·
665 3005 784 3074 utpotae
801 3004 835 3059 N
843 3006 881 3084 no
898 3023 949 3058 usu
985 3021 1045 3058 asse
1063 3003 1098 3056 N
1105 3013 1108 3070 1

96 3075 194 3197 ΕΜ
209 3070 1120 3194 111111111111111111111111111111

97 3156 232 3286 qlrlqffip
243 3207 254 3275 fl
267 3139 404 3261 olsendies
420 3207 449 3260 P
465 3208 475 3274 η
496 3180 783 3260 ro’ordinatissimuri
802 3206 829 3260 P
845 3206 995 3285 [llaborem
1058 3207 1068 3274 ΙΙ
1087 3213 1118 3259 11

96 3279 244 3332 orationes
263 3272 298 3327 N
305 3274 316 3342 Ι
329 3279 360 3327 12
377 3275 468 3345 partu
485 3273 519 3328 N
527 3275 537 3342 ΙΙ
552 3281 582 3328 13
600 3289 732 3328 oraoxare
743 3275 772 3328 P
783 3275 793 3342 l
806 3291 855 3342 qur
872 3275 1051 3328 actoritatem
1062 3275 1091 3327 P
1105 3275 1117 3343 :l

98 3365 129 3414 14
147 3345 263 3428 asperi?
275 3358 304 3412 P
319 3357 330 3425 ΙΙ
346 3359 472 3429 secuntus
488 3357 523 3412 N
535 3358 545 3425 l
563 3364 595 3413 15
613 3357 764 3437 orationes]
781 3371 831 3414 orn.
850 3356 885 3411 N
892 3359 902 3427 l
915 3359 959 3413 elo
980 3357 1120 3438 mentioni·

95 3428 139 3551 qiu
169 3442 212 3562 ne¹
224 3425 478 3561 fflquqraqssuqtn
487 3424 648 3547 ⁸3?quss
662 3432 693 3481 18
710 3426 781 3479 ntur
799 3425 841 3493 N,
860 3430 947 3481 sortnr
997 3427 1048 3495 ael
1062 3439 1119 3478 om-
