2354 3946
122 185 164 250 78
429 182 478 237 vi.
504 182 596 239 run
615 182 642 237 s.
658 180 834 240 cussum.

321 344 362 398 Ds
382 343 506 399 adventu
525 342 585 398 eius
604 342 642 396 ad
660 342 816 398 Massiliam
834 340 946 397 urbem.

51 471 103 521 355
122 453 257 518 Talibus
281 475 301 517 a
325 451 426 538 gestis
451 455 603 537 exceptus
627 451 721 515 miles
745 450 859 515 herilis

123 543 202 608 Post
226 541 394 627 octogenis
419 544 549 605 centum
571 539 677 604 tribus
702 543 802 624 atque
826 538 941 604 diebus

121 630 215 696 Actis
240 629 392 713 externis,
413 629 515 693 ferme
540 651 595 693 sex
619 628 786 693 mensibus
809 626 874 693 hoo
898 632 964 712 est,

121 719 303 784 Massiliam
327 719 463 783 ducente
487 717 547 782 deo
571 717 655 782 citus
680 715 807 801 appulit
829 716 947 781 urbem

121 808 245 873 Erutus
268 806 394 871 insidiis
418 827 684 892 paganorumque
708 805 850 889 sagittis.

51 914 103 964 ³70
122 896 208 961 Nam
233 896 332 960 statio
357 897 463 960 curvis
486 894 555 960 illio
578 895 660 958 bene
683 893 748 957 fida
771 893 890 959 carinis

122 987 276 1069 Aequora
298 987 464 1048 verrentes
489 983 605 1067 recipit
627 984 783 1067 ripaeque
806 982 962 1062 remittit,

121 1071 215 1138 Unde
240 1072 370 1136 Africae
393 1075 507 1154 portus
531 1071 630 1156 digno
655 1093 802 1135 sermone
825 1070 939 1136 cietur.

121 1160 201 1223 Inde
225 1161 275 1223 dei
299 1159 441 1223 famulus
465 1181 523 1243 per
545 1162 598 1222 tot
621 1158 811 1223 discrimina
832 1162 947 1225 vectus

122 1245 269 1312 Classem
294 1247 478 1330 digrediens
502 1247 655 1331 urbisque
680 1247 721 1312 ad
745 1249 875 1312 moenia
897 1248 1039 1314 tendens

50 1353 102 1404 875
121 1336 269 1400 Intonuit
292 1336 409 1399 turmis
433 1335 493 1400 alti
517 1336 685 1420 magnalia
707 1336 821 1420 patris,

122 1425 212 1501 Quae
237 1424 350 1490 didicit
373 1425 463 1490 cuuis
488 1425 603 1490 sollers
626 1424 835 1489 vehementer
859 1424 900 1490 ab
924 1425 1018 1509 ipsis.

358 1581 414 1637 Ubi
433 1581 567 1637 divinitus
586 1581 698 1637 iubetur
716 1581 758 1636 ire
776 1581 903 1637 ulterius.

123 1691 187 1758 Sed
210 1691 363 1776 quoniam
387 1695 520 1776 portum
544 1691 688 1756 dimenso
712 1691 846 1756 tramite
869 1691 1029 1758 mundum

122 1781 226 1865 Finit,
249 1781 386 1845 ulterius
411 1781 587 1845 mandatur
610 1781 700 1844 abire
724 1780 850 1844 beatus.

122 1869 192 1935 Neo
213 1874 311 1935 nutat
333 1869 441 1953 iussis,
464 1891 547 1955 quae
570 1868 682 1952 dirigit
706 1872 819 1932 auctor
842 1868 884 1932 ab
908 1870 1025 1934 astris:

51 1976 103 2026 330
124 1957 291 2042 Corripuit
315 1959 432 2022 callem
456 1956 625 2023 Gallorum
649 1979 727 2021 rura
750 1961 924 2021 meantem.

122 2046 279 2113 (lallando
302 2047 402 2110 radiis
426 2046 589 2130 flagrabat
613 2046 739 2110 abunde
763 2046 907 2110 coruscis

122 2136 188 2201 Ceu
211 2137 305 2200 iubar
328 2136 529 2219 ignivomum
553 2156 666 2198 croceo
690 2133 817 2217 fulgore
840 2139 1031 2221 venustum,

122 2223 204 2290 Cum
228 2223 319 2286 sedet
342 2222 376 2286 in
399 2221 486 2302 bigis
511 2222 720 2305 exstinguens
745 2223 854 2286 sidera
877 2222 1031 2289 flammis.

326 2374 367 2429 De
386 2376 510 2430 adventu
528 2375 616 2445 ipsius
635 2377 672 2431 ad
690 2376 807 2434 Aeduae
827 2378 934 2434 urbem.

121 2487 167 2553 Ut
189 2507 267 2551 vero
292 2485 392 2550 sacris
416 2485 528 2572 tetigit
550 2487 696 2573 magalia
718 2488 843 2572 plantis

50 2592 102 2643 335
122 2575 236 2640 Ardua
258 2573 509 2660 Franoigenum,
533 2598 615 2661 quae
640 2577 758 2641 dicitur
782 2578 859 2642 urbs
885 2577 1090 2665 Aeduorum,

121 2663 270 2749 Expetiit
293 2665 425 2750 glebam
448 2667 552 2730 multa
575 2666 704 2750 legione
728 2665 896 2745 refertam,

122 2753 227 2818 Testis
252 2753 309 2817 ubi
332 2754 499 2840 ingressus
523 2756 691 2819 delubrum
717 2753 948 2838 symphoriani

121 2841 307 2926 Poplitibus
331 2843 422 2906 flexis
447 2843 571 2908 domini
594 2843 756 2925 praesidia
779 2844 894 2926 poscit.

122 2929 185 2995 Illo
210 2929 395 3016 Simplicius
420 2931 481 2995 sub
504 2934 651 3012 tempore
674 2931 886 3012 pontificatus

48 3034 102 3086 530
122 3016 282 3084 Servabat
306 3024 471 3102 sceptrum
494 3017 663 3081 redimitus
689 3018 839 3099 lampade
863 3041 998 3084 morum.
1154 3046 1165 3085 a

122 3106 233 3172 Altius
258 3109 435 3194 eloquerer,
458 3126 569 3171 verum
593 3105 754 3167 sententia
777 3103 877 3187 longa

197 3333 359 3388 ‘masiliam’
376 3365 411 3375 —
430 3340 482 3388 356
502 3331 610 3384 c‘ooto
629 3327 720 3397 genis'
781 3333 833 3382 367
854 3334 870 3379 c
892 3329 951 3381 ‘hoe
974 3337 1013 3384 eat
1034 3335 1079 3400 fer
1098 3355 1140 3392 me

123 3406 152 3460 bi
169 3405 317 3460 menatae
374 3411 426 3460 378
446 3411 463 3457 0
480 3400 619 3458 ‘interius'
639 3400 669 3453 in
690 3398 829 3452 ‘ulterius'
849 3399 1027 3453 amendatum
1084 3414 1138 3463 383

124 3482 167 3528 cr
187 3474 377 3543 ‘extinguens’
403 3481 420 3527 c
440 3473 563 3543 ‘sydera’
586 3502 619 3511 —
643 3475 661 3522 0
681 3467 792 3522 ‘eduae'
816 3475 837 3520 F
857 3468 974 3522 ‘Eduae’
994 3500 1025 3508 —
1045 3480 1100 3529 385
1120 3486 1138 3531 c

126 3545 283 3602 ‘eduorum’
304 3551 325 3597 Ε
345 3543 509 3599 ‘llduorum’
567 3548 618 3598 889
639 3547 656 3593 c
676 3538 751 3606 ‘sup’
