2354 3946
371 202 406 258 V.
434 199 907 269 51511515155511111110.
1103 203 1145 268 57

131 366 318 432 Nobilitate
341 366 452 430 cluens
476 363 594 449 quibus
617 363 732 429 obvius
756 385 829 429 eece
850 364 958 430 viator

133 455 314 521 Gentianus
338 454 444 539 adest,
466 475 645 538 procurvus
667 453 823 536 temporis
848 474 937 537 aevo,

57 542 203 610 15515111
226 544 345 621 senior,
369 541 427 607 sed
448 541 548 608 cruda
569 541 622 606 illi
644 540 823 626 viridisque
846 545 1004 608 senectus.

133 630 225 696 ‘Vos'
249 631 310 715 ait,
334 629 532 710 ε5111151155,
556 629 673 714 quibus
697 629 880 695 adventatis
904 631 945 696 ab
969 632 1044 716 oris,

133 721 245 797 Quove
268 719 387 785 tenetis
410 717 509 784 itert'
548 717 723 795 Quaerenti
745 717 858 783 taliter
879 718 946 783 illi:

132 808 214 874 ‘Nos
238 808 363 874 Romae
387 807 503 894 geniti,
526 809 654 873 vestras
678 808 706 871 si
728 806 814 872 forte
837 829 895 890 per
918 828 1013 873 aures

131 898 213 963 Eius
235 897 276 962 iit
297 918 427 963 nomen.
468 895 526 960 Bis
551 895 621 960 seni
643 894 791 961 venimus
816 916 894 982 ergo

59 1003 113 1053 160
132 985 270 1051 Dicendi
291 986 385 1051 vobis
410 984 522 1050 mundi
543 983 676 1049 fulsisse
700 983 840 1048 salutem

131 1075 178 1138 Et
200 1075 336 1139 miseros
359 1072 500 1138 transire
522 1072 672 1138 homines
696 1071 738 1137 ad
760 1072 880 1158 gaudie
903 1073 1004 1159 quire,

132 1162 166 1228 Si
191 1162 365 1227 simulacra
387 1161 568 1227 refutantes
592 1160 755 1226 diabolice
776 1164 849 1227 toto

132 1250 239 1317 Oorde
262 1251 358 1316 deum
381 1249 504 1315 fuerint
525 1249 649 1314 imitati
672 1271 710 1314 55
731 1248 823 1315 fonte
847 1252 960 1316 renati.

131 1338 218 1404 Nam
241 1339 372 1426 genitor
394 1360 511 1425 perpes
535 1338 575 1402 de
598 1360 633 1403 se
656 1338 725 1402 sine
747 1342 895 1423 tempore
917 1340 1054 1406 verbum

61 1427 243 1494 1551115111
266 1449 349 1514 quee
373 1427 486 1514 genuit
508 1448 567 1511 per
591 1426 678 1512 quod
702 1430 779 1491 sunt
802 1428 911 1492 omnia
932 1427 1027 1513 fecit3

131 1516 202 1582 Nec
224 1520 320 1602 peter
343 1516 495 1600 anterior,
517 1536 577 1580 nco
598 1518 696 1580 natus
719 1514 881 1598 posterior
904 1520 965 1582 551.

131 1605 183 1670 Ex
206 1605 259 1670 his
283 1605 442 1669 ambabus
465 1604 615 1688 personis
639 1602 773 1687 spiritus
796 1603 902 1668 almus

132 1693 284 1758 Procedit
308 1693 423 1758 similis
447 1692 570 1759 ditione
593 1691 681 1776 patri
703 1690 889 1776 genitoque.

132 1782 224 1847 Haec
246 1782 356 1848 unitas
379 1781 502 1867 triplex
525 1781 628 1846 deitas
652 1779 699 1846 sic
722 1778 864 1844 creditur
886 1801 965 1864 una,

62 1889 113 1938 1‘10
132 1870 179 1937 Ut
200 1893 342 1955 persona
364 1870 485 1955 triplex
508 1873 652 1951 maneat,
675 1867 862 1933 substantia
884 1868 1030 1953 simplex.

133 1958 203 2024 Ista
225 1960 345 2044 triplex
368 1959 475 2024 deitas
497 1961 674 2044 postquam
697 1959 906 2042 compegerat
929 1957 1055 2040 orbem,

131 2047 300 2113 Formavit
322 2048 488 2114 hominem
511 2069 549 2112 os
571 2046 788 2129 humerosque
813 2044 876 2114 sibi
899 2044 1108 2110 similantem.

133 2135 237 2212 Quem
261 2158 334 2201 cum
358 2158 464 2202 sermo
488 2136 539 2200 dei
561 2156 660 2220 pomo
683 2134 770 2200 vesci
792 2134 964 2218 vetuisset,

132 2225 217 2290 Astu
241 2225 415 2309 serpentis,
437 2225 514 2289 heu!
539 2228 589 2289 est
611 2223 741 2289 illectus
765 2244 783 2286 e
805 2222 943 2308 normis3

62 2332 113 2382 115
132 2312 283 2399 Namque
303 2314 403 2379 miser
419 2313 552 2397 cupiens
569 2312 641 2378 fore
659 2312 743 2396 plus,
765 2333 863 2396 quam
882 2311 1031 2377 conditus
1050 2315 1146 2396 esset,

132 2400 297 2486 Linquens
320 2402 408 2468 vitae
430 2402 545 2487 epulas
568 2400 685 2465 mortis
708 2401 851 2484 suscepit
874 2422 1054 2467 aerumnas.

130 2489 269 2556 Petatus
291 2491 359 2556 leto
383 2491 557 2577 depellitur
580 2513 600 2555 5
622 2489 783 2573 paradiso,

131 2578 198 2644 Ah!
223 2601 333 2645 secum
355 2600 458 2665 genus
481 2600 578 2644 omne
600 2577 734 2642 trahens
758 2580 791 2641 et
814 2576 950 2642 crimine
972 2577 1120 2662 perdens.

131 2666 218 2733 Hinc
241 2668 353 2732 mundi
375 2667 524 2753 princeps
546 2665 695 2732 homines
718 2664 782 2730 sibi
806 2664 950 2729 subdidit
973 2687 1096 2748 omnes,

63 2774 114 2826 180
132 2754 244 2821 Donec
265 2757 304 2837 is,
327 2757 382 2840 qui
407 2756 489 2842 egit,
512 2776 642 2821 carnem
666 2753 705 2818 de
727 2752 856 2838 virgine
879 2753 1021 2838 sumpsit

131 2842 177 2907 Et
201 2845 262 2909 sub
285 2845 358 2928 lege
380 2843 458 2928 fuit,
481 2843 537 2929 qui
560 2842 599 2907 de
621 2842 725 2907 nihilo
749 2841 861 2907 omnis
881 2840 969 2907 fecit.

131 2931 363 3018 Morigerando
386 2933 475 3017 patri
497 2935 613 3016 potum
636 2929 784 3016 gustavit
805 2930 930 2994 Averni

131 3020 243 3105 Atque
265 3020 442 3086 resurrexit
464 3019 586 3097 vivens,
608 3018 782 3104 privilegia
804 3017 941 3082 reddens

131 3108 246 3174 Prisca
269 3109 346 3188 suis,
369 3108 474 3174 vietor
498 3108 605 3174 caelos
626 3110 704 3191 post
727 3105 854 3171 scandit
875 3105 911 3169 in
934 3105 1028 3171 altos.

64 3216 113 3267 185
132 3195 228 3263 Unde
251 3197 336 3262 idem
358 3197 465 3262 trinus
489 3195 605 3262 merito
628 3194 782 3260 laudatur
804 3197 837 3259 et
859 3215 952 3259 unus.

205 3430 256 3480 153
277 3426 353 3480 ‘ecce
370 3423 474 3480 victor’
490 3424 579 3480 verba
596 3423 709 3478 macule
725 3437 841 3492 aspersa
857 3437 958 3489 pamm
976 3417 1054 3473 clara
1071 3419 1147 3484 sunt,

130 3512 185 3550 nec
202 3498 299 3551 tamen
317 3495 526 3551 dubitationem
544 3497 660 3550 movent
704 3499 756 3548 117
773 3492 875 3547 ‘almis'
923 3496 975 3545 116
991 3485 1145 3544 ‘erumnas’

133 3573 185 3623 1⁷⁷
205 3566 304 3622 ‘loeto’
362 3571 412 3622 182
433 3566 654 3637 ‘Murigerundo’
712 3569 764 3620 184
783 3561 901 3617 ‘coelos’
923 3560 1086 3618 ‘accredidit'
