2354 3946
385 184 433 241 III.
462 184 552 240 VITA
570 184 597 240 S.
615 184 763 243 ERASMI.

62 348 133 412 Iste
156 348 213 412 nbi
236 347 390 432 cognovit
412 346 527 413 fecisse
550 347 790 414 Diocletianum

64 437 205 501 Insidias
229 440 280 501 tot
304 434 518 519 Christicolis,
541 440 627 502 tunc
641 436 729 522 fugit
752 437 792 501 ab
816 438 896 502 urbe

10 542 44 592 30
65 527 175 610 Atque
199 547 341 589 eremum
364 524 462 610 petiit
486 524 580 590 annis
599 527 632 589 et
651 529 775 609 septem
792 525 840 590 ibi
861 527 990 593 mansit.

32 610 37 615 ’
64 613 214 678 Virtutes
237 613 284 677 ibi
307 635 383 678 nam
406 614 528 677 multas
550 613 666 678 fecisse
689 615 848 698 probatur

64 702 300 787 Mulcendoqne
323 701 402 767 feris
425 705 550 766 mentes
574 705 797 787 constringere
820 702 923 768 duris:

65 790 224 855 Immensi
245 790 351 855 valide
375 793 408 854 et
431 791 534 855 fortes
557 793 680 855 terrore
703 791 814 856 leones

66 879 158 943 Illius
182 880 280 964 proni
302 878 438 964 pedibus
463 900 497 943 se
522 882 666 944 sternere
690 881 824 946 malunt.

10 984 45 1033 55
66 967 209 1032 Nuntius
234 967 406 1032 altithroni
430 967 519 1032 caelo
543 967 711 1033 descendit
732 968 775 1032 ab
800 968 877 1052 alto,

66 1056 127 1120 Cui
150 1056 212 1120 fuit
234 1056 380 1121 aetheria
403 1077 500 1141 saepe
524 1056 644 1120 solatia
666 1057 838 1140 praebens3

65 1144 151 1209 Esca
175 1145 226 1209 dei
248 1145 371 1209 famulo
394 1145 464 1210 luce
486 1166 552 1209 non
575 1144 678 1209 defuit
699 1145 777 1229 ulla,

67 1232 129 1297 Sed
140 1234 281 1298 volitans
296 1254 411 1302 corvus
426 1237 556 1315 pastum
568 1255 696 1318 quoque
705 1233 845 1300 contulit
859 1234 990 1302 almum.

68 1320 203 1406 Saepius
227 1321 283 1385 ille
307 1322 367 1386 deo
391 1325 502 1407 grates
525 1321 688 1387 referebat
712 1323 753 1388 ab
777 1327 882 1390 antro.

12 1427 45 1475 90
68 1407 213 1493 Cumque
233 1409 292 1474 deo
311 1410 444 1495 placuit,
469 1413 578 1474 servat
601 1411 665 1495 qui,
689 1411 838 1496 qnodque
861 1413 990 1497 crearit,

67 1498 158 1563 Tunc
182 1498 281 1563 etiam
304 1521 368 1564 vox
391 1498 492 1563 missa
515 1520 591 1563 suas
614 1500 762 1581 pervenit
785 1500 827 1564 ad
850 1522 943 1565 aures

67 1588 299 1671 Praecepitque
322 1588 392 1652 viro
416 1587 519 1651 virtus
543 1586 655 1651 divina
678 1587 826 1670 verendo,

67 1675 113 1740 Ut
132 1674 310 1740 celebraret
332 1676 397 1739 iter
419 1675 650 1761 propriamque
668 1675 789 1739 rediret
808 1674 849 1739 ad
867 1676 991 1742 urbem.

68 1763 250 1829 Confestim
274 1784 410 1848 surgens
433 1763 575 1847 patriam
599 1763 763 1847 gaudebat
786 1762 874 1827 adire

12 1869 47 1917 95
66 1852 115 1917 Ac
139 1852 269 1917 domino
293 1851 443 1937 precibus
468 1873 502 1916 se
525 1852 774 1917 commendabat
795 1851 924 1936 ubique.

66 1941 145 2005 Inde
169 1940 360 2005 revertentis
384 1940 544 2005 volitabat
565 1938 655 2005 fama
677 1962 736 2023 per
759 1941 884 2005 orbem:

65 2031 250 2095 Accurrunt
273 2051 346 2094 cum
371 2028 530 2094 debilibus
553 2031 633 2093 tunc
655 2028 796 2114 undique
819 2030 935 2095 turbae
1098 2048 1172 2098 sss*

65 2119 111 2182 Et
134 2119 255 2182 ducunt
277 2117 401 2184 multos
424 2117 508 2182 mira
532 2117 570 2181 de
593 2121 686 2202 peste
709 2123 896 2203 peremptos

65 2205 211 2271 Venetos
234 2228 362 2271 necnon
385 2206 480 2271 valde
504 2205 717 2272 daemonibus
740 2210 812 2272 arte

12 2311 46 2359 00
66 2294 136 2359 Hos
162 2298 352 2379 certantque
375 2294 445 2358 viro
470 2316 579 2361 secum
603 2294 728 2360 deferre
751 2296 902 2380 benigno.

66 2383 128 2447 Ille
152 2405 283 2447 manum
306 2383 462 2468 imposuit
485 2384 596 2449 multis
621 2388 817 2468 cunctosque
839 2383 990 2468 resolvit3

66 2472 250 2536 Nonnullos
274 2472 415 2536 sacravit
439 2472 530 2556 aquis
554 2473 751 2557 baptismate
772 2473 860 2538 lotos

66 2560 111 2624 Et
135 2561 229 2624 docet
251 2559 312 2624 hos
335 2560 435 2625 verbo
459 2564 593 2626 cunctos
616 2563 670 2645 pie
693 2561 800 2626 vivere
822 2559 963 2628 Christo.

66 2649 210 2712 Venerat
228 2649 260 2712 in
281 2650 447 2733 propriam
463 2649 575 2714 celeris
594 2648 672 2714 hinc
691 2650 858 2734 gressibus
877 2651 992 2715 urbem

13 2755 47 2803 05
66 2736 237 2800 Praedicat
260 2741 294 2800 et·
315 2737 446 2821 populis
470 2736 614 2819 pandens
637 2741 707 2802 tum
726 2737 825 2803 verba
848 2738 978 2824 salutis3

68 2826 226 2889 Fontibus
249 2825 284 2888 in
306 2824 436 2911 liquidis
461 2846 572 2890 omncs
595 2825 666 2890 vult
690 2847 761 2891 esse
785 2830 940 2891 sacratos.

67 2913 234 2978 Innumeri
256 2913 412 2978 indurant
435 2913 594 2996 multique
617 2914 769 2979 resistere
793 2916 933 2997 certant3

68 3003 212 3067 Maxima
235 3024 311 3086 pars
334 3002 449 3086 populi
472 3005 558 3066 certe
581 3001 727 3086 persistit
750 3002 867 3066 inanis.

139 3200 174 3249 80
194 3193 360 3248 ‘heremum’
427 3199 461 3248 83
482 3193 623 3248 ‘inmensi’
694 3198 729 3247 84
749 3191 892 3248 ‘mallant’
962 3198 997 3247 85
1018 3194 1082 3250 ‘alti

67 3266 174 3320 throni'
244 3271 279 3320 86
300 3264 389 3334 ‘sepe'
411 3263 553 3333 ‘prebens’
625 3270 659 3320 8‘1
681 3263 801 3318 ‘defluit’
823 3263 953 3318 llsviter
972 3281 1082 3320 erasum

68 3342 102 3391 89
123 3335 240 3405 ‘sepius'
303 3341 336 3390 95
358 3333 528 3404 ‘praecibus'
585 3341 618 3391 99
635 3334 829 3389 ‘revertentes’
846 3349 862 3389 5
880 3334 1005 3390 deletum
1024 3339 1054 3391 ct
1072 3337 1083 3391 i

68 3407 287 3477 superscriptum
348 3412 382 3461 99
403 3407 466 3459 ‘nec
483 3405 550 3459 non’
573 3405 619 3461 ‘de
638 3404 814 3461 demonibus’
835 3405 871 3460 de
888 3405 1084 3478 dittographia

68 3485 161 3532 ortum
180 3477 263 3575 et'ab
281 3477 343 3547 ipso
362 3475 478 3531 librario
498 3478 669 3533 exstinctum
738 3482 788 3532 101
810 3476 957 3547 ‘inposuit’
1030 3482 1082 3534 10⁶

70 3550 210 3618 ‘predicat
