2354 3946
403 213 450 271 IX.
478 215 567 270 VITA
590 214 616 271 S.
637 213 790 273 GISLENI.

16 395 73 444 240
94 376 207 442 ‘Verbi
231 376 305 443 dote
328 378 419 442 vales
443 399 635 462 morumque
656 379 764 444 nitore
787 379 928 464 renides3

94 464 223 530 Lucifer
246 466 402 552 assurgis
424 467 510 531 vitae
534 489 607 531 cum
630 468 754 531 semina
777 468 892 533 mittis.

92 553 197 632 Unde,
220 576 343 638 precor,
366 575 479 639 regem
502 555 652 639 precibus
675 559 712 619 tu
735 556 827 621 flecte
851 558 1031 640 potentem,

92 641 142 706 Nc
165 664 291 706 memor
314 643 448 707 admissi
471 644 629 709 barathro
653 665 704 708 ma
728 644 825 708 dedat
848 644 977 728 abyssi?

93 730 228 795 Talibus
253 731 370 795 orabat
394 731 496 796 etsie
519 735 664 796 extrema
686 733 830 797 locabat:

16 836 72 886 245
93 818 167 898 ‘Ma
190 818 252 882 tibi
275 819 440 898 devotum,
464 819 606 902 benedic,
629 824 722 903 pater
746 822 878 905 optime,
902 843 1046 900 servum,

16 980 22 991 ,
93 906 259 983 Quatenus
283 907 335 972 his
359 908 462 972 tantis
486 908 660 973 succedant
683 930 840 994 prospera
864 909 957 974 donis

93 994 226 1060 Crescat
249 999 283 1059 et
305 996 443 1081 imperio
466 997 621 1061 maiestas
644 998 793 1080 praesule
816 997 930 1064 tanto?

92 1081 145 1148 Sic
169 1083 216 1148 ait
240 1087 273 1148 et
296 1086 401 1149 sancti
424 1085 599 1150 comitatus
623 1084 710 1150 dicta
732 1088 863 1170 patroni

92 1171 198 1236 Milite
223 1177 354 1256 saeptus
379 1173 448 1238 abit
470 1174 563 1259 regni
586 1177 814 1258 sceptrumque
837 1175 961 1241 revisit.

95 1338 176 1411 Quod
194 1346 315 1401 bestiam
335 1345 478 1401 insecutus
496 1346 582 1401 luerit
600 1349 741 1403 stlocum
761 1364 778 1401 a
797 1348 849 1402 deo
864 1348 917 1402 sibi
932 1348 1104 1405 destinatum

291 1417 390 1486 aquila
408 1418 528 1472 caelitus
547 1421 721 1473 monstrante
740 1419 904 1488 reppererit.

18 1541 73 1591 250
92 1525 177 1590 Hinc
199 1530 292 1609 patre
315 1526 481 1609 praedulci
506 1525 650 1591 studium
672 1527 850 1610 praebente
873 1527 979 1591 labori

93 1614 235 1679 Fraudes
258 1636 336 1678 ursa
357 1618 454 1698 parat
477 1614 603 1698 raptrix
625 1615 817 1697 tunicaeque
841 1615 1033 1699 triumphat.

91 1701 160 1767 Nec
183 1704 290 1767 solum
306 1703 471 1784 tunicam,
494 1707 618 1767 vestem
642 1702 697 1768 sed
721 1702 856 1766 sustulit
878 1703 996 1787 ipsam,

93 1789 194 1875 Signa
218 1790 389 1856 sacerdotii
412 1791 476 1855 sibi
499 1812 563 1875 qua
585 1789 707 1855 fulsere
730 1790 832 1874 beati,

93 1878 246 1944 Gressum
271 1879 381 1964 sicque
404 1880 492 1963 rapit
514 1878 660 1962 tendens,
683 1901 745 1962 quo
769 1879 905 1964 pignera
929 1879 1035 1964 liquit.

17 1982 72 2033 255
92 1967 185 2032 Talia
208 1972 315 2032 mente
338 1968 453 2032 bibens
477 1989 603 2032 necnon
626 1989 665 2031 ex
688 1967 810 2031 lumine
833 1971 972 2053 tangens

91 2055 251 2120 Maximus
276 2056 411 2121 antistes
435 2056 515 2120 satis
538 2056 649 2121 hausit
672 2055 768 2120 corde
792 2056 928 2120 dolores.

90 2143 257 2227 Dindyma
279 2144 393 2208 deinde
416 2145 483 2228 poli
506 2145 617 2229 pulsat
640 2144 807 2210 dulcedine
830 2146 915 2209 voti:

91 2232 185 2315 Rex,
210 2232 296 2316 deus,
320 2233 533 2316 omnitenens,
557 2254 669 2297 verum
693 2233 732 2298 de
755 2233 877 2297 lumine
900 2233 1024 2312 lumen,
1119 2249 1135 2289 f·
1148 2240 1173 2290 4¹

91 2320 239 2385 Flamina
262 2343 334 2385 cum
359 2324 472 2386 sancto
497 2322 629 2406 supples
654 2323 709 2405 qui
732 2325 848 2386 cuncta
871 2322 1021 2407 creando,
1116 2323 1176 2363 ⁰⁰¹·

17 2425 72 2474 260
92 2411 196 2474 Aures
220 2409 294 2473 fusa
316 2411 365 2474 tui
390 2410 530 2473 subeunt
554 2410 582 2475 si
606 2411 750 2475 carmina
773 2410 874 2493 servi,

90 2495 224 2562 Vestem
245 2519 404 2562 conserva
427 2498 588 2580 mihimet,
610 2520 736 2582 precor,
759 2502 855 2583 atque
879 2497 1029 2582 resigna?

90 2585 174 2650 Hinc
198 2585 332 2650 ducente
357 2585 415 2650 deo
440 2587 559 2650 suimet
581 2590 677 2669 parat
700 2585 896 2669 imbecillo,

90 2671 140 2738 Ac
163 2674 191 2738 si
214 2674 389 2757 raptricem
412 2696 472 2759 pro
495 2677 585 2739 veste
609 2677 764 2757 sequatur
787 2677 926 2737 euntem.

89 2761 184 2827 Hunc
207 2762 273 2845 via,
297 2784 378 2846 quae
400 2762 522 2847 patuit,
546 2762 644 2826 dubia
667 2762 723 2826 scd
747 2765 836 2826 sorte
859 2761 1006 2846 reliquit3

14 2866 70 2917 265
91 2847 151 2915 Oui
172 2849 290 2915 faeiem
314 2851 436 2916 domini
461 2851 557 2936 digne
580 2850 728 2937 precibus
752 2850 924 2915 redimenti

160 3082 213 3131 242
230 3078 399 3159 ’ρτειθοοτΗ
401 3078 508 3146 regem'
524 3095 552 3130 m
567 3093 601 3132 ex
614 3093 647 3131 ns
662 3077 841 3132 emendatum
892 3079 943 3129 243
960 3073 1098 3130 ‘b’aratro

91 3164 177 3218 supra
192 3147 295 3203 lineam
311 3147 446 3217 scriptum
463 3147 573 3202 ‘abissi'
622 3153 674 3203 246
690 3146 849 3214 ‘Quatinus’
897 3151 949 3200 247
966 3145 1098 3214 ‘'presule

89 3223 141 3283 249
157 3219 278 3288 ‘septus’
339 3220 416 3273 253‘
420 3219 486 3288 qua'
503 3229 639 3288 superscr.
655 3218 707 3271 ‘in’
769 3223 820 3272 257
837 3216 991 3271 ‘Dindima’
1048 3221 1100 3272 258

90 3288 169 3344 ‘Res’
186 3305 239 3344 sec.
258 3308 295 3343 m.
314 3309 332 3345 x
351 3306 484 3359 superscr.
545 3295 597 3344 259
614 3289 733 3343 sancto’
751 3305 836 3357 supra
852 3286 958 3342 lincam
976 3286 1100 3356 positum

88 3360 801 3558 attat‘edunt⁰¹t²l⁰¹nsstsl⁰¹¹²te
820 3374 973 3509 {utut
990 3359 1098 3496 ssssdlt

88 3517 174 3599 supra
201 3502 307 3557 lineam
334 3501 457 3572 positum
520 3507 572 3556 263
594 3502 647 3555 ‘Ac
671 3501 705 3556 si’
727 3516 862 3570 superscr.
883 3497 986 3569 ‘quasi'
1047 3503 1100 3555 266

79 3571 260 3647 ‘praecibus’
