<?xml version="1.0" encoding="UTF-8"?>
<!DOCTYPE html PUBLIC "-//W3C//DTD XHTML 1.0 Transitional//EN"
    "http://www.w3.org/TR/xhtml1/DTD/xhtml1-transitional.dtd">
<html xmlns="http://www.w3.org/1999/xhtml" xml:lang="en" lang="en">
 <head>
  <title>
</title>
<meta http-equiv="Content-Type" content="text/html;charset=utf-8" />
  <meta name='ocr-system' content='tesseract 3.04.00' />
  <meta name='ocr-capabilities' content='ocr_page ocr_carea ocr_par ocr_line ocrx_word'/>
</head>
<body>
  <div class='ocr_page' id='page_1' title='image "./grammaticiopera00virggoog_0277.png"; bbox 0 0 2354 3946; ppageno 0'>
   <div class='ocr_carea' id='block_1_1' title="bbox 118 169 825 238">
    <p class='ocr_par' dir='ltr' id='par_1_1' title="bbox 118 169 825 238">
     <span class='ocr_line' id='line_1_1' title="bbox 118 169 825 238; baseline 0.006 -12"><span class='ocrx_word' id='word_1_1' title='bbox 118 174 163 238; x_wconf 86' lang='lat'>44</span> <span class='ocrx_word' id='word_1_2' title='bbox 335 169 339 175; x_wconf 86' lang='grc'><strong>’</strong></span> <span class='ocrx_word' id='word_1_3' title='bbox 430 173 476 230; x_wconf 88' lang='lat' dir='ltr'>lV.</span> <span class='ocrx_word' id='word_1_4' title='bbox 500 172 589 228; x_wconf 83' lang='lat' dir='ltr'>VITA</span> <span class='ocrx_word' id='word_1_5' title='bbox 609 172 635 228; x_wconf 87' lang='lat' dir='ltr'>S.</span> <span class='ocrx_word' id='word_1_6' title='bbox 655 170 825 230; x_wconf 71' lang='lat' dir='ltr'>leuans,</span> 
     </span>
    </p>
   </div>
   <div class='ocr_carea' id='block_1_2' title="bbox 49 335 1164 776">
    <p class='ocr_par' dir='ltr' id='par_1_2' title="bbox 49 335 1164 776">
     <span class='ocr_line' id='line_1_2' title="bbox 118 335 980 420; baseline 0.003 -19"><span class='ocrx_word' id='word_1_7' title='bbox 118 336 285 401; x_wconf 86' lang='lat' dir='ltr'>Invasitne</span> <span class='ocrx_word' id='word_1_8' title='bbox 310 337 423 402; x_wconf 85' lang='lat' dir='ltr'>domos</span> <span class='ocrx_word' id='word_1_9' title='bbox 447 335 607 420; x_wconf 86' lang='lat' dir='ltr'>praedans</span> <span class='ocrx_word' id='word_1_10' title='bbox 630 339 668 400; x_wconf 93' lang='lat' dir='ltr'>ut</span> <span class='ocrx_word' id='word_1_11' title='bbox 690 335 798 400; x_wconf 88' lang='lat' dir='ltr'>hostis</span> <span class='ocrx_word' id='word_1_12' title='bbox 822 335 980 404; x_wconf 89' lang='lat' dir='ltr'>alumnos</span> 
     </span>
     <span class='ocr_line' id='line_1_3' title="bbox 120 423 921 510; baseline 0.001 -21"><span class='ocrx_word' id='word_1_13' title='bbox 120 424 187 489; x_wconf 83' lang='lat' dir='ltr'>Aut</span> <span class='ocrx_word' id='word_1_14' title='bbox 210 429 268 491; x_wconf 90' lang='lat' dir='ltr'>tua</span> <span class='ocrx_word' id='word_1_15' title='bbox 291 425 460 491; x_wconf 81' lang='lat' dir='ltr'><strong>nocturnis</strong></span> <span class='ocrx_word' id='word_1_16' title='bbox 483 423 585 510; x_wconf 88' lang='lat' dir='ltr'>fregit</span> <span class='ocrx_word' id='word_1_17' title='bbox 608 423 774 489; x_wconf 89' lang='lat' dir='ltr'>tabularia</span> <span class='ocrx_word' id='word_1_18' title='bbox 796 423 921 490; x_wconf 86' lang='lat' dir='ltr'>furtis?</span> 
     </span>
     <span class='ocr_line' id='line_1_4' title="bbox 119 512 1164 605; baseline 0.005 -27"><span class='ocrx_word' id='word_1_19' title='bbox 119 513 210 594; x_wconf 84' lang='lat' dir='ltr'>Fare,</span> <span class='ocrx_word' id='word_1_20' title='bbox 234 514 311 600; x_wconf 85' lang='lat' dir='ltr'>quid</span> <span class='ocrx_word' id='word_1_21' title='bbox 334 513 531 579; x_wconf 89' lang='lat' dir='ltr'>horrendum</span> <span class='ocrx_word' id='word_1_22' title='bbox 554 516 683 598; x_wconf 83' lang='lat' dir='ltr'>retegas</span> <span class='ocrx_word' id='word_1_23' title='bbox 707 512 868 577; x_wconf 83' lang='lat' dir='ltr'><strong>muliebre</strong></span> <span class='ocrx_word' id='word_1_24' title='bbox 890 513 1096 596; x_wconf 84' lang='lat' dir='ltr'>pudendum</span> <span class='ocrx_word' id='word_1_25' title='bbox 1162 598 1164 605; x_wconf 28' lang='grc' dir='ltr'>Ι</span> 
     </span>
     <span class='ocr_line' id='line_1_5' title="bbox 119 601 1021 687; baseline 0.002 -20"><span class='ocrx_word' id='word_1_26' title='bbox 119 601 232 668; x_wconf 86' lang='lat' dir='ltr'>Reddo</span> <span class='ocrx_word' id='word_1_27' title='bbox 255 603 330 687; x_wconf 85' lang='lat' dir='ltr'>tibi,</span> <span class='ocrx_word' id='word_1_28' title='bbox 354 625 426 668; x_wconf 91' lang='lat' dir='ltr'>curn</span> <span class='ocrx_word' id='word_1_29' title='bbox 450 606 540 667; x_wconf 89' lang='lat' dir='ltr'>mute</span> <span class='ocrx_word' id='word_1_30' title='bbox 563 621 671 686; x_wconf 87' lang='lat' dir='ltr'>neges,</span> <span class='ocrx_word' id='word_1_31' title='bbox 694 623 853 686; x_wconf 85' lang='lat' dir='ltr'>responsa</span> <span class='ocrx_word' id='word_1_32' title='bbox 874 603 1021 686; x_wconf 88' lang='lat' dir='ltr'>petenti:</span> 
     </span>
     <span class='ocr_line' id='line_1_6' title="bbox 49 689 1136 776; baseline 0.007 -22"><span class='ocrx_word' id='word_1_33' title='bbox 49 706 100 757; x_wconf 83' lang='lat'>180</span> <span class='ocrx_word' id='word_1_34' title='bbox 119 690 237 756; x_wconf 79' lang='lat' dir='ltr'><strong>Noluit</strong></span> <span class='ocrx_word' id='word_1_35' title='bbox 260 692 318 756; x_wconf 89' lang='lat' dir='ltr'>illa</span> <span class='ocrx_word' id='word_1_36' title='bbox 340 691 468 776; x_wconf 88' lang='lat' dir='ltr'>pati-</span> <span class='ocrx_word' id='word_1_37' title='bbox 489 691 656 754; x_wconf 88' lang='lat' dir='ltr'>miseruml</span> <span class='ocrx_word' id='word_1_38' title='bbox 678 725 716 736; x_wconf 96' lang='lat'>—</span> <span class='ocrx_word' id='word_1_39' title='bbox 738 689 825 774; x_wconf 91' lang='lat' dir='ltr'>quod</span> <span class='ocrx_word' id='word_1_40' title='bbox 848 693 968 776; x_wconf 90' lang='lat' dir='ltr'>stupra</span> <span class='ocrx_word' id='word_1_41' title='bbox 991 693 1136 762; x_wconf 81' lang='lat' dir='ltr'>furentia</span> 
     </span>
    </p>
   </div>
   <div class='ocr_carea' id='block_1_3' title="bbox 524 844 728 916">
    <p class='ocr_par' dir='ltr' id='par_1_3' title="bbox 524 844 728 916">
     <span class='ocr_line' id='line_1_7' title="bbox 524 844 728 916; baseline 0.015 -17"><span class='ocrx_word' id='word_1_42' title='bbox 524 844 728 916; x_wconf 68' lang='lat' dir='ltr'>apostrophus.</span> 
     </span>
    </p>
   </div>
   <div class='ocr_carea' id='block_1_4' title="bbox 49 954 1175 2897">
    <p class='ocr_par' dir='ltr' id='par_1_4' title="bbox 49 954 1175 2897">
     <span class='ocr_line' id='line_1_8' title="bbox 120 954 1029 1040; baseline 0.002 -18"><span class='ocrx_word' id='word_1_43' title='bbox 120 957 195 1039; x_wconf 89' lang='lat' dir='ltr'>Oro,</span> <span class='ocrx_word' id='word_1_44' title='bbox 217 957 329 1040; x_wconf 90' lang='lat' dir='ltr'>pudor,</span> <span class='ocrx_word' id='word_1_45' title='bbox 352 977 485 1020; x_wconf 86' lang='lat' dir='ltr'>maneas</span> <span class='ocrx_word' id='word_1_46' title='bbox 509 954 615 1020; x_wconf 90' lang='lat' dir='ltr'>cordis</span> <span class='ocrx_word' id='word_1_47' title='bbox 638 976 698 1019; x_wconf 90' lang='lat' dir='ltr'>nec</span> <span class='ocrx_word' id='word_1_48' title='bbox 721 955 762 1019; x_wconf 89' lang='lat' dir='ltr'>ab</span> <span class='ocrx_word' id='word_1_49' title='bbox 787 976 859 1020; x_wconf 89' lang='lat' dir='ltr'>arce</span> <span class='ocrx_word' id='word_1_50' title='bbox 881 956 1029 1024; x_wconf 83' lang='lat' dir='ltr'>recedas.</span> 
     </span>
     <span class='ocr_line' id='line_1_9' title="bbox 119 1042 936 1127; baseline -0.001 -18"><span class='ocrx_word' id='word_1_51' title='bbox 119 1045 195 1109; x_wconf 92' lang='lat' dir='ltr'>Non</span> <span class='ocrx_word' id='word_1_52' title='bbox 219 1046 281 1108; x_wconf 85' lang='lat' dir='ltr'>eris</span> <span class='ocrx_word' id='word_1_53' title='bbox 306 1043 455 1127; x_wconf 80' lang='lat' dir='ltr'>infectus,</span> <span class='ocrx_word' id='word_1_54' title='bbox 477 1043 578 1107; x_wconf 88' lang='lat' dir='ltr'>fuerit</span> <span class='ocrx_word' id='word_1_55' title='bbox 599 1043 664 1107; x_wconf 91' lang='lat' dir='ltr'>nisi</span> <span class='ocrx_word' id='word_1_56' title='bbox 686 1042 782 1108; x_wconf 80' lang='lat' dir='ltr'>loeda</span> <span class='ocrx_word' id='word_1_57' title='bbox 805 1046 936 1108; x_wconf 88' lang='lat' dir='ltr'>secutus</span> 
     </span>
     <span class='ocr_line' id='line_1_10' title="bbox 121 1131 1175 1216; baseline 0.006 -19"><span class='ocrx_word' id='word_1_58' title='bbox 121 1131 315 1214; x_wconf 68' lang='lat' dir='ltr'>consensus,</span> <span class='ocrx_word' id='word_1_59' title='bbox 339 1153 434 1215; x_wconf 90' lang='lat' dir='ltr'>quem</span> <span class='ocrx_word' id='word_1_60' title='bbox 459 1131 555 1215; x_wconf 89' lang='lat' dir='ltr'>culpa</span> <span class='ocrx_word' id='word_1_61' title='bbox 579 1136 676 1197; x_wconf 88' lang='lat' dir='ltr'>creat.</span> <span class='ocrx_word' id='word_1_62' title='bbox 722 1131 884 1197; x_wconf 86' lang='lat' dir='ltr'>Frontosa</span> <span class='ocrx_word' id='word_1_63' title='bbox 907 1134 1071 1216; x_wconf 86' lang='lat' dir='ltr'>peribunt</span> <span class='ocrx_word' id='word_1_64' title='bbox 1150 1152 1175 1194; x_wconf 71' lang='lat' dir='ltr'>tl</span> 
     </span>
     <span class='ocr_line' id='line_1_11' title="bbox 119 1218 1038 1304; baseline 0.002 -20"><span class='ocrx_word' id='word_1_65' title='bbox 119 1219 268 1302; x_wconf 85' lang='lat' dir='ltr'>Ludicra‚</span> <span class='ocrx_word' id='word_1_66' title='bbox 292 1242 402 1304; x_wconf 85' lang='lat' dir='ltr'>quam,</span> <span class='ocrx_word' id='word_1_67' title='bbox 426 1219 532 1302; x_wconf 85' lang='lat' dir='ltr'>citius,</span> <span class='ocrx_word' id='word_1_68' title='bbox 556 1218 632 1283; x_wconf 88' lang='lat' dir='ltr'>fidei</span> <span class='ocrx_word' id='word_1_69' title='bbox 654 1220 799 1304; x_wconf 87' lang='lat' dir='ltr'>pernicia</span> <span class='ocrx_word' id='word_1_70' title='bbox 822 1221 967 1286; x_wconf 81' lang='lat' dir='ltr'>stabunt</span> <span class='ocrx_word' id='word_1_71' title='bbox 992 1261 1038 1273; x_wconf 92' lang='lat'><em>-</em></span> 
     </span>
     <span class='ocr_line' id='line_1_12' title="bbox 49 1308 985 1393; baseline 0.005 -22"><span class='ocrx_word' id='word_1_72' title='bbox 49 1308 274 1392; x_wconf 80' lang='lat' dir='ltr'>1851nrestis,</span> <span class='ocrx_word' id='word_1_73' title='bbox 296 1308 363 1372; x_wconf 88' lang='lat' dir='ltr'>iam</span> <span class='ocrx_word' id='word_1_74' title='bbox 387 1311 477 1373; x_wconf 86' lang='lat' dir='ltr'>veste</span> <span class='ocrx_word' id='word_1_75' title='bbox 500 1326 623 1391; x_wconf 88' lang='lat' dir='ltr'>carens,</span> <span class='ocrx_word' id='word_1_76' title='bbox 646 1308 803 1373; x_wconf 90' lang='lat' dir='ltr'>sulcanda</span> <span class='ocrx_word' id='word_1_77' title='bbox 824 1309 985 1393; x_wconf 84' lang='lat' dir='ltr'>pudendis</span> 
     </span>
     <span class='ocr_line' id='line_1_13' title="bbox 119 1396 1029 1483; baseline 0.004 -21"><span class='ocrx_word' id='word_1_78' title='bbox 119 1397 308 1462; x_wconf 88' lang='lat' dir='ltr'>Prostibulo</span> <span class='ocrx_word' id='word_1_79' title='bbox 332 1397 488 1480; x_wconf 87' lang='lat' dir='ltr'>trahitur;</span> <span class='ocrx_word' id='word_1_80' title='bbox 513 1396 667 1461; x_wconf 84' lang='lat' dir='ltr'>miserum</span> <span class='ocrx_word' id='word_1_81' title='bbox 690 1418 865 1483; x_wconf 88' lang='lat' dir='ltr'>progressa</span> <span class='ocrx_word' id='word_1_82' title='bbox 886 1398 1029 1482; x_wconf 78' lang='lat' dir='ltr'>lupanar</span> 
     </span>
     <span class='ocr_line' id='line_1_14' title="bbox 119 1485 939 1571; baseline 0.002 -22"><span class='ocrx_word' id='word_1_83' title='bbox 119 1485 315 1571; x_wconf 78' lang='lat' dir='ltr'>Ingreditur,</span> <span class='ocrx_word' id='word_1_84' title='bbox 338 1489 447 1550; x_wconf 90' lang='lat' dir='ltr'>totum</span> <span class='ocrx_word' id='word_1_85' title='bbox 471 1485 595 1550; x_wconf 92' lang='lat' dir='ltr'>domini</span> <span class='ocrx_word' id='word_1_86' title='bbox 618 1485 674 1549; x_wconf 90' lang='lat' dir='ltr'>sed</span> <span class='ocrx_word' id='word_1_87' title='bbox 696 1487 832 1551; x_wconf 89' lang='lat' dir='ltr'>nuntius</span> <span class='ocrx_word' id='word_1_88' title='bbox 855 1486 939 1551; x_wconf 91' lang='lat' dir='ltr'>illud</span> 
     </span>
     <span class='ocr_line' id='line_1_15' title="bbox 119 1572 933 1660; baseline 0 -21"><span class='ocrx_word' id='word_1_89' title='bbox 119 1575 315 1660; x_wconf 89' lang='lat' dir='ltr'>Antieipans</span> <span class='ocrx_word' id='word_1_90' title='bbox 339 1574 442 1639; x_wconf 93' lang='lat' dir='ltr'>nimio</span> <span class='ocrx_word' id='word_1_91' title='bbox 466 1574 561 1640; x_wconf 86' lang='lat' dir='ltr'>citius</span> <span class='ocrx_word' id='word_1_92' title='bbox 586 1572 757 1658; x_wconf 89' lang='lat' dir='ltr'>splendore</span> <span class='ocrx_word' id='word_1_93' title='bbox 780 1575 933 1660; x_wconf 82' lang='lat' dir='ltr'>replevit,</span> 
     </span>
     <span class='ocr_line' id='line_1_16' title="bbox 121 1662 1009 1750; baseline 0.003 -22"><span class='ocrx_word' id='word_1_94' title='bbox 121 1662 191 1739; x_wconf 81' lang='lat' dir='ltr'>Quo</span> <span class='ocrx_word' id='word_1_95' title='bbox 216 1668 365 1746; x_wconf 76' lang='lat' dir='ltr'>saeptam</span> <span class='ocrx_word' id='word_1_96' title='bbox 388 1663 511 1728; x_wconf 91' lang='lat' dir='ltr'>domini</span> <span class='ocrx_word' id='word_1_97' title='bbox 535 1684 688 1746; x_wconf 82' lang='lat' dir='ltr'>sponsam</span> <span class='ocrx_word' id='word_1_98' title='bbox 711 1663 901 1750; x_wconf 89' lang='lat' dir='ltr'>contingere</span> <span class='ocrx_word' id='word_1_99' title='bbox 924 1667 1009 1731; x_wconf 89' lang='lat' dir='ltr'>nulli</span> 
     </span>
     <span class='ocr_line' id='line_1_17' title="bbox 50 1751 1075 1839; baseline 0.009 -24"><span class='ocrx_word' id='word_1_100' title='bbox 50 1767 102 1816; x_wconf 84' lang='grc'>100</span> <span class='ocrx_word' id='word_1_101' title='bbox 115 1751 307 1818; x_wconf 86' lang='lat' dir='ltr'>Intrantum</span> <span class='ocrx_word' id='word_1_102' title='bbox 331 1757 409 1818; x_wconf 89' lang='lat' dir='ltr'>tunc</span> <span class='ocrx_word' id='word_1_103' title='bbox 431 1774 527 1837; x_wconf 89' lang='lat' dir='ltr'>posse</span> <span class='ocrx_word' id='word_1_104' title='bbox 552 1752 647 1816; x_wconf 89' lang='lat' dir='ltr'>datur</span> <span class='ocrx_word' id='word_1_105' title='bbox 670 1754 818 1835; x_wconf 87' lang='lat' dir='ltr'>spectare</span> <span class='ocrx_word' id='word_1_106' title='bbox 841 1774 900 1817; x_wconf 92' lang='lat' dir='ltr'>nec</span> <span class='ocrx_word' id='word_1_107' title='bbox 923 1775 1075 1839; x_wconf 85' lang='lat' dir='ltr'>usquam.</span> 
     </span>
     <span class='ocr_line' id='line_1_18' title="bbox 123 1840 931 1924; baseline -0.002 -17"><span class='ocrx_word' id='word_1_108' title='bbox 123 1840 267 1907; x_wconf 78' lang='lat' dir='ltr'>Caelitus</span> <span class='ocrx_word' id='word_1_109' title='bbox 290 1841 435 1906; x_wconf 81' lang='lat' dir='ltr'>infusum</span> <span class='ocrx_word' id='word_1_110' title='bbox 459 1841 572 1924; x_wconf 91' lang='lat' dir='ltr'>cupide</span> <span class='ocrx_word' id='word_1_111' title='bbox 596 1843 743 1923; x_wconf 88' lang='lat' dir='ltr'>spectare</span> <span class='ocrx_word' id='word_1_112' title='bbox 766 1841 931 1905; x_wconf 87' lang='lat' dir='ltr'>volentum</span> 
     </span>
     <span class='ocr_line' id='line_1_19' title="bbox 122 1929 1002 2016; baseline 0 -21"><span class='ocrx_word' id='word_1_113' title='bbox 122 1930 338 1995; x_wconf 89' lang='lat' dir='ltr'>Obtundendo</span> <span class='ocrx_word' id='word_1_114' title='bbox 361 1929 456 1995; x_wconf 90' lang='lat' dir='ltr'>iubar</span> <span class='ocrx_word' id='word_1_115' title='bbox 477 1931 567 1995; x_wconf 90' lang='lat' dir='ltr'>visus</span> <span class='ocrx_word' id='word_1_116' title='bbox 590 1929 769 1994; x_wconf 76' lang='lat' dir='ltr'>hebetabat</span> <span class='ocrx_word' id='word_1_117' title='bbox 791 1929 827 1993; x_wconf 89' lang='lat' dir='ltr'>in</span> <span class='ocrx_word' id='word_1_118' title='bbox 849 1951 1002 2016; x_wconf 81' lang='lat' dir='ltr'>usquam3</span> 
     </span>
     <span class='ocr_line' id='line_1_20' title="bbox 121 2017 880 2103; baseline -0.001 -20"><span class='ocrx_word' id='word_1_119' title='bbox 121 2019 231 2084; x_wconf 89' lang='lat' dir='ltr'>Instar</span> <span class='ocrx_word' id='word_1_120' title='bbox 252 2041 392 2103; x_wconf 88' lang='lat' dir='ltr'>namque</span> <span class='ocrx_word' id='word_1_121' title='bbox 416 2041 475 2084; x_wconf 88' lang='lat' dir='ltr'>sua</span> <span class='ocrx_word' id='word_1_122' title='bbox 498 2019 577 2084; x_wconf 88' lang='lat' dir='ltr'>solis</span> <span class='ocrx_word' id='word_1_123' title='bbox 601 2018 723 2082; x_wconf 84' lang='lat' dir='ltr'>virtute</span> <span class='ocrx_word' id='word_1_124' title='bbox 744 2017 880 2082; x_wconf 87' lang='lat' dir='ltr'>nitentis</span> 
     </span>
     <span class='ocr_line' id='line_1_21' title="bbox 122 2106 977 2192; baseline 0.001 -22"><span class='ocrx_word' id='word_1_125' title='bbox 122 2107 193 2172; x_wconf 90' lang='lat' dir='ltr'>Hoc</span> <span class='ocrx_word' id='word_1_126' title='bbox 217 2107 387 2192; x_wconf 88' lang='lat' dir='ltr'>splendore</span> <span class='ocrx_word' id='word_1_127' title='bbox 410 2128 495 2172; x_wconf 81' lang='lat' dir='ltr'>novo</span> <span class='ocrx_word' id='word_1_128' title='bbox 518 2106 668 2170; x_wconf 87' lang='lat' dir='ltr'>radiabat</span> <span class='ocrx_word' id='word_1_129' title='bbox 691 2106 726 2169; x_wconf 91' lang='lat' dir='ltr'>in</span> <span class='ocrx_word' id='word_1_130' title='bbox 750 2128 807 2171; x_wconf 87' lang='lat' dir='ltr'>ora</span> <span class='ocrx_word' id='word_1_131' title='bbox 829 2106 977 2192; x_wconf 86' lang='lat' dir='ltr'>lupanar.</span> 
     </span>
     <span class='ocr_line' id='line_1_22' title="bbox 52 2193 1059 2283; baseline 0.006 -25"><span class='ocrx_word' id='word_1_132' title='bbox 52 2209 101 2258; x_wconf 79' lang='grc'>100</span> <span class='ocrx_word' id='word_1_133' title='bbox 122 2195 267 2278; x_wconf 77' lang='lat' dir='ltr'>Cumque</span> <span class='ocrx_word' id='word_1_134' title='bbox 290 2217 402 2277; x_wconf 84' lang='lat' dir='ltr'>preces</span> <span class='ocrx_word' id='word_1_135' title='bbox 426 2194 555 2259; x_wconf 88' lang='lat' dir='ltr'>domino</span> <span class='ocrx_word' id='word_1_136' title='bbox 579 2193 716 2257; x_wconf 87' lang='lat' dir='ltr'>fundens</span> <span class='ocrx_word' id='word_1_137' title='bbox 740 2194 894 2260; x_wconf 73' lang='lat' dir='ltr'>iacuisset</span> <span class='ocrx_word' id='word_1_138' title='bbox 916 2196 952 2259; x_wconf 90' lang='lat' dir='ltr'>in</span> <span class='ocrx_word' id='word_1_139' title='bbox 974 2196 1059 2283; x_wconf 83' lang='lat' dir='ltr'>ipso,</span> 
     </span>
     <span class='ocr_line' id='line_1_23' title="bbox 122 2280 965 2369; baseline 0.005 -24"><span class='ocrx_word' id='word_1_140' title='bbox 122 2280 286 2346; x_wconf 85' lang='lat' dir='ltr'>Sternitur</span> <span class='ocrx_word' id='word_1_141' title='bbox 309 2284 385 2346; x_wconf 88' lang='lat' dir='ltr'>ante</span> <span class='ocrx_word' id='word_1_142' title='bbox 409 2303 485 2346; x_wconf 87' lang='lat' dir='ltr'>suos</span> <span class='ocrx_word' id='word_1_143' title='bbox 508 2281 609 2345; x_wconf 84' lang='lat' dir='ltr'>restis</span> <span class='ocrx_word' id='word_1_144' title='bbox 632 2281 765 2364; x_wconf 72' lang='lat' dir='ltr'>perlusa</span> <span class='ocrx_word' id='word_1_145' title='bbox 788 2289 965 2369; x_wconf 86' lang='lat' dir='ltr'>respectus,</span> 
     </span>
     <span class='ocr_line' id='line_1_24' title="bbox 121 2369 1009 2453; baseline 0.007 -21"><span class='ocrx_word' id='word_1_146' title='bbox 121 2369 192 2445; x_wconf 81' lang='lat' dir='ltr'>Qua</span> <span class='ocrx_word' id='word_1_147' title='bbox 215 2370 376 2453; x_wconf 66' lang='lat' dir='ltr'>propriora,</span> <span class='ocrx_word' id='word_1_148' title='bbox 399 2369 548 2450; x_wconf 90' lang='lat' dir='ltr'>candore,</span> <span class='ocrx_word' id='word_1_149' title='bbox 571 2369 659 2434; x_wconf 88' lang='lat' dir='ltr'>stola</span> <span class='ocrx_word' id='word_1_150' title='bbox 682 2370 894 2437; x_wconf 80' lang='lat' dir='ltr'>circumdedit</span> <span class='ocrx_word' id='word_1_151' title='bbox 918 2378 1009 2438; x_wconf 89' lang='lat' dir='ltr'>artus</span> 
     </span>
     <span class='ocr_line' id='line_1_25' title="bbox 120 2457 935 2541; baseline 0.005 -19"><span class='ocrx_word' id='word_1_152' title='bbox 120 2457 362 2541; x_wconf 83' lang='lat' dir='ltr'>Exsultansque</span> <span class='ocrx_word' id='word_1_153' title='bbox 387 2457 446 2522; x_wconf 91' lang='lat' dir='ltr'>deo</span> <span class='ocrx_word' id='word_1_154' title='bbox 470 2460 581 2541; x_wconf 84' lang='lat' dir='ltr'>grates</span> <span class='ocrx_word' id='word_1_155' title='bbox 604 2479 665 2540; x_wconf 90' lang='lat' dir='ltr'>pro</span> <span class='ocrx_word' id='word_1_156' title='bbox 688 2481 821 2523; x_wconf 90' lang='lat' dir='ltr'>munere</span> <span class='ocrx_word' id='word_1_157' title='bbox 846 2461 935 2527; x_wconf 88' lang='lat' dir='ltr'>dixit.</span> 
     </span>
     <span class='ocr_line' id='line_1_26' title="bbox 122 2543 1072 2631; baseline 0.005 -21"><span class='ocrx_word' id='word_1_158' title='bbox 122 2543 276 2631; x_wconf 81' lang='lat' dir='ltr'>Corporis</span> <span class='ocrx_word' id='word_1_159' title='bbox 300 2546 359 2610; x_wconf 86' lang='lat' dir='ltr'>illa</span> <span class='ocrx_word' id='word_1_160' title='bbox 383 2568 485 2630; x_wconf 82' lang='lat' dir='ltr'>capax</span> <span class='ocrx_word' id='word_1_161' title='bbox 508 2550 638 2612; x_wconf 86' lang='lat' dir='ltr'>tantum</span> <span class='ocrx_word' id='word_1_162' title='bbox 661 2583 705 2595; x_wconf 95' lang='lat'>—-</span> <span class='ocrx_word' id='word_1_163' title='bbox 728 2547 878 2614; x_wconf 88' lang='lat' dir='ltr'>mirabile</span> <span class='ocrx_word' id='word_1_164' title='bbox 902 2549 1004 2616; x_wconf 81' lang='lat' dir='ltr'>dictu!</span> <span class='ocrx_word' id='word_1_165' title='bbox 1032 2590 1072 2602; x_wconf 90' lang='lat'><em>-</em></span> 
     </span>
     <span class='ocr_line' id='line_1_27' title="bbox 50 2633 996 2721; baseline 0.008 -25"><span class='ocrx_word' id='word_1_166' title='bbox 50 2648 102 2698; x_wconf 81' lang='lat'>200</span> <span class='ocrx_word' id='word_1_167' title='bbox 121 2634 262 2700; x_wconf 85' lang='lat' dir='ltr'>Exstitit</span> <span class='ocrx_word' id='word_1_168' title='bbox 286 2657 324 2699; x_wconf 90' lang='lat' dir='ltr'>ac</span> <span class='ocrx_word' id='word_1_169' title='bbox 347 2633 470 2699; x_wconf 88' lang='lat' dir='ltr'>mansit</span> <span class='ocrx_word' id='word_1_170' title='bbox 493 2636 613 2701; x_wconf 87' lang='lat' dir='ltr'>teneris</span> <span class='ocrx_word' id='word_1_171' title='bbox 637 2636 809 2721; x_wconf 85' lang='lat' dir='ltr'>aptissima</span> <span class='ocrx_word' id='word_1_172' title='bbox 831 2639 996 2706; x_wconf 89' lang='lat' dir='ltr'>membris.</span> 
     </span>
     <span class='ocr_line' id='line_1_28' title="bbox 121 2722 951 2809; baseline 0.006 -22"><span class='ocrx_word' id='word_1_173' title='bbox 121 2722 148 2787; x_wconf 92' lang='lat'>0</span> <span class='ocrx_word' id='word_1_174' title='bbox 171 2744 278 2787; x_wconf 91' lang='lat' dir='ltr'>rerum</span> <span class='ocrx_word' id='word_1_175' title='bbox 301 2723 436 2788; x_wconf 88' lang='lat' dir='ltr'>factoris</span> <span class='ocrx_word' id='word_1_176' title='bbox 460 2745 549 2808; x_wconf 87' lang='lat' dir='ltr'>opes,</span> <span class='ocrx_word' id='word_1_177' title='bbox 573 2725 691 2808; x_wconf 89' lang='lat' dir='ltr'>quibus</span> <span class='ocrx_word' id='word_1_178' title='bbox 714 2724 826 2809; x_wconf 84' lang='lat' dir='ltr'>indiga</span> <span class='ocrx_word' id='word_1_179' title='bbox 849 2727 951 2792; x_wconf 88' lang='lat' dir='ltr'>vestis</span> 
     </span>
     <span class='ocr_line' id='line_1_29' title="bbox 120 2809 879 2897; baseline 0.005 -22"><span class='ocrx_word' id='word_1_180' title='bbox 120 2809 315 2877; x_wconf 89' lang='lat' dir='ltr'>Indumenta</span> <span class='ocrx_word' id='word_1_181' title='bbox 337 2810 426 2894; x_wconf 90' lang='lat' dir='ltr'>capit</span> <span class='ocrx_word' id='word_1_182' title='bbox 448 2813 555 2878; x_wconf 87' lang='lat' dir='ltr'>nullos</span> <span class='ocrx_word' id='word_1_183' title='bbox 580 2816 711 2897; x_wconf 85' lang='lat' dir='ltr'>experta</span> <span class='ocrx_word' id='word_1_184' title='bbox 735 2814 879 2879; x_wconf 88' lang='lat' dir='ltr'>labores!</span> 
     </span>
    </p>
   </div>
   <div class='ocr_carea' id='block_1_5' title="bbox 568 2971 687 3027">
    <p class='ocr_par' dir='ltr' id='par_1_5' title="bbox 568 2971 687 3027">
     <span class='ocr_line' id='line_1_30' title="bbox 568 2971 687 3027; baseline 0.025 -3"><span class='ocrx_word' id='word_1_185' title='bbox 568 2971 687 3027; x_wconf 88' lang='lat' dir='ltr'>Allusio.</span> 
     </span>
    </p>
   </div>
   <div class='ocr_carea' id='block_1_6' title="bbox 49 3072 956 3342">
    <p class='ocr_par' dir='ltr' id='par_1_6' title="bbox 49 3072 956 3342">
     <span class='ocr_line' id='line_1_31' title="bbox 120 3072 956 3166; baseline 0.01 -28"><span class='ocrx_word' id='word_1_186' title='bbox 120 3072 197 3139; x_wconf 91' lang='lat' dir='ltr'>Non</span> <span class='ocrx_word' id='word_1_187' title='bbox 219 3076 297 3141; x_wconf 88' lang='lat' dir='ltr'>tulit</span> <span class='ocrx_word' id='word_1_188' title='bbox 321 3080 484 3164; x_wconf 83' lang='lat' dir='ltr'>agnellam</span> <span class='ocrx_word' id='word_1_189' title='bbox 508 3080 615 3145; x_wconf 91' lang='lat' dir='ltr'>solum</span> <span class='ocrx_word' id='word_1_190' title='bbox 638 3102 705 3145; x_wconf 93' lang='lat' dir='ltr'>non</span> <span class='ocrx_word' id='word_1_191' title='bbox 726 3080 827 3145; x_wconf 87' lang='lat' dir='ltr'>vestis</span> <span class='ocrx_word' id='word_1_192' title='bbox 852 3102 956 3166; x_wconf 81' lang='lat' dir='ltr'>egere,</span> 
     </span>
     <span class='ocr_line' id='line_1_32' title="bbox 120 3161 924 3252; baseline 0.009 -27"><span class='ocrx_word' id='word_1_193' title='bbox 120 3161 230 3228; x_wconf 90' lang='lat' dir='ltr'>Induit</span> <span class='ocrx_word' id='word_1_194' title='bbox 254 3167 419 3249; x_wconf 88' lang='lat' dir='ltr'>angelicos</span> <span class='ocrx_word' id='word_1_195' title='bbox 442 3168 535 3232; x_wconf 86' lang='lat' dir='ltr'>illam</span> <span class='ocrx_word' id='word_1_196' title='bbox 560 3168 615 3233; x_wconf 90' lang='lat' dir='ltr'>sed</span> <span class='ocrx_word' id='word_1_197' title='bbox 638 3171 752 3252; x_wconf 89' lang='lat' dir='ltr'>pastor</span> <span class='ocrx_word' id='word_1_198' title='bbox 776 3168 924 3234; x_wconf 89' lang='lat' dir='ltr'>amictus.</span> 
     </span>
     <span class='ocr_line' id='line_1_33' title="bbox 49 3250 933 3342; baseline 0.006 -28"><span class='ocrx_word' id='word_1_199' title='bbox 49 3265 101 3316; x_wconf 78' lang='lat'>205</span> <span class='ocrx_word' id='word_1_200' title='bbox 120 3250 273 3316; x_wconf 83' lang='lat' dir='ltr'>Exterius</span> <span class='ocrx_word' id='word_1_201' title='bbox 296 3276 376 3339; x_wconf 86' lang='lat' dir='ltr'>non,</span> <span class='ocrx_word' id='word_1_202' title='bbox 400 3255 510 3342; x_wconf 82' lang='lat' dir='ltr'>Agna,</span> <span class='ocrx_word' id='word_1_203' title='bbox 535 3259 609 3321; x_wconf 83' lang='lat' dir='ltr'>tuos</span> <span class='ocrx_word' id='word_1_204' title='bbox 633 3256 761 3320; x_wconf 89' lang='lat' dir='ltr'>mireris</span> <span class='ocrx_word' id='word_1_205' title='bbox 786 3258 933 3340; x_wconf 83' lang='lat' dir='ltr'>amictus,</span> 
     </span>
    </p>
   </div>
   <div class='ocr_carea' id='block_1_7' title="bbox 122 3463 1137 3605">
    <p class='ocr_par' dir='ltr' id='par_1_7' title="bbox 122 3463 1137 3605">
     <span class='ocr_line' id='line_1_34' title="bbox 192 3463 1137 3537; baseline 0.007 -21"><span class='ocrx_word' id='word_1_206' title='bbox 192 3467 244 3518; x_wconf 77' lang='lat'>176</span> <span class='ocrx_word' id='word_1_207' title='bbox 256 3463 385 3520; x_wconf 74' lang='lat' dir='ltr'>‘Inuusit</span> <span class='ocrx_word' id='word_1_208' title='bbox 398 3466 444 3520; x_wconf 66' lang='grc' dir='ltr'>Μ’</span> <span class='ocrx_word' id='word_1_209' title='bbox 495 3470 546 3520; x_wconf 81' lang='grc'>183</span> <span class='ocrx_word' id='word_1_210' title='bbox 563 3465 679 3532; x_wconf 77' lang='lat' dir='ltr'>‘frontus</span> <span class='ocrx_word' id='word_1_211' title='bbox 693 3467 811 3533; x_wconf 79' lang='lat' dir='ltr'>aperibt&#39;</span> <span class='ocrx_word' id='word_1_212' title='bbox 827 3465 938 3534; x_wconf 86' lang='lat' dir='ltr'>virgula</span> <span class='ocrx_word' id='word_1_213' title='bbox 957 3472 1137 3537; x_wconf 85' lang='lat' dir='ltr'>superposita</span> 
     </span>
     <span class='ocr_line' id='line_1_35' title="bbox 122 3533 927 3605; baseline 0.002 -19"><span class='ocrx_word' id='word_1_214' title='bbox 122 3536 172 3586; x_wconf 85' lang='grc'>189</span> <span class='ocrx_word' id='word_1_215' title='bbox 194 3533 328 3605; x_wconf 82' lang='lat' dir='ltr'>‘septam&#39;</span> <span class='ocrx_word' id='word_1_216' title='bbox 386 3542 437 3593; x_wconf 82' lang='grc'>198</span> <span class='ocrx_word' id='word_1_217' title='bbox 457 3535 671 3604; x_wconf 83' lang='lat' dir='ltr'>‘Exultansque’</span> <span class='ocrx_word' id='word_1_218' title='bbox 729 3540 781 3590; x_wconf 82' lang='lat'>200</span> <span class='ocrx_word' id='word_1_219' title='bbox 802 3534 927 3591; x_wconf 81' lang='lat' dir='ltr'>‘Extitit&#39;</span> 
     </span>
    </p>
   </div>
   <div class='ocr_carea' id='block_1_8' title="bbox 0 0 1183 3946">
    <p class='ocr_par' dir='ltr' id='par_1_8' title="bbox 0 0 1183 3946">
     <span class='ocr_line' id='line_1_36' title="bbox 0 0 1183 3946; baseline 0 0"><span class='ocrx_word' id='word_1_220' title='bbox 0 0 1183 3946; x_wconf 95' lang='lat' dir='ltr'> </span> 
     </span>
    </p>
   </div>
  </div>
 </body>
</html>
