2354 3946
383 169 430 228 VJ.
459 169 546 225 VITA
564 169 591 224 S.
608 168 781 225 CASSIANI.
1049 168 1090 233 81

80 334 238 419 Optatum
262 332 375 398 sitiens
399 334 479 398 adeo
503 337 669 398 certamen
690 331 772 397 inire

79 422 194 487 Prodit
216 420 365 505 pontifici
389 444 423 486 se
446 420 651 486 Britanniam
675 419 834 504 proficisci

79 510 183 594 Velle,
207 511 381 575 tenebatur
404 533 486 592 quae
510 516 588 574 tunc
611 530 720 574 errore
743 509 889 592 profano.

80 599 174 676 Quod
197 603 371 683 postquam
395 603 486 664 vates
512 599 557 665 sic
581 603 632 663 est
655 597 772 662 effatus
795 603 909 680 amico,

10 705 60 754 455
80 687 259 772 Obstupuit
282 687 376 751 dictis
400 687 590 772 gelidusque
612 709 671 771 per
693 688 759 750 ima
781 687 922 751 cucurrit

80 776 163 842 Ossa
181 779 304 840 tremor
322 780 546 861 steteruntque
560 797 671 841 comae
686 778 718 839 et
732 797 795 839 vox
812 773 961 840 faucibus
974 773 1091 839 haesit.

78 864 205 929 Dehine
228 866 313 929 vires
336 886 492 930 revocans
516 887 629 930 auram
653 865 834 948 mentisque
857 867 1039 947 receptans:

79 952 159 1016 ‘Aht
182 952 284 1016 frater
307 953 418 1038 dulcis,
442 953 514 1039 quis
538 954 618 1018 haee
640 952 703 1017 tibi
724 951 809 1017 ferre
832 953 957 1018 suasit?

80 1040 146 1106 Cur
169 1041 259 1104 senio
282 1041 404 1106 fessum
429 1043 552 1106 moliris
575 1043 721 1127 linquere
745 1041 873 1106 solum?

10 1145 60 1195 460
79 1129 173 1194 Mene
196 1128 306 1215 fugis?
342 1129 405 1194 Per
428 1151 488 1214 ego
513 1131 573 1196 bes
596 1131 748 1195 lacrimas
767 1130 933 1216 vitamque
954 1129 1092 1215 clientis,

79 1218 142 1282 Per
166 1239 301 1302 superos
324 1223 357 1283 et
380 1218 409 1283 si
431 1241 494 1302 qua
517 1219 597 1284 fides
621 1219 737 1284 tellure
761 1221 820 1284 sub
844 1219 910 1285 ista
933 1222 996 1284 est:
1109 1237 1171 1280 2001

79 1306 166 1389 Neu,
189 1309 304 1388 testor,
326 1307 472 1372 vetulum
496 1307 626 1392 linquas
650 1309 840 1373 occumbere
862 1308 978 1374 solum.

80 1393 115 1459 Si
137 1394 220 1458 bene
245 1395 323 1478 quid
345 1397 448 1460 merui
472 1397 511 1462 de
533 1401 566 1462 te
590 1397 653 1461 fuit
676 1401 733 1462 aut
755 1396 817 1460 tibi
840 1396 1015 1480 quidquam

79 1482 182 1547 Dulce
206 1505 329 1567 meum,
352 1485 524 1549 miseresce
548 1485 633 1549 senis
658 1484 798 1549 labentis
821 1487 855 1548 et
877 1485 989 1568 istam,

10 1587 60 1636 455
80 1570 232 1654 Obsecro,
260 1571 288 1634 si
312 1572 383 1656 quis
407 1573 512 1638 adhuc
535 1573 684 1656 precibus
708 1573 813 1654 loeus,
838 1594 917 1636 exue
941 1575 1090 1636 mentem.

81 1658 236 1724 Sensibus
260 1659 321 1724 hoc
344 1661 419 1724 imis
440 1698 479 1706 —
500 1683 551 1725 res
575 1665 626 1724 est
649 1683 714 1725 non
735 1683 894 1744 parva-
916 1681 1067 1745 reponas:

79 1748 185 1812 Huius
208 1752 245 1812 tu
267 1752 359 1813 vates
384 1749 473 1813 urbis
497 1749 690 1815 vocitaberis
715 1748 793 1812 olim

79 1835 189 1922 Atque
213 1836 394 1903 sacerdotio
417 1840 494 1921 post
517 1860 569 1902 me
592 1837 737 1924 fungeris
760 1837 796 1900 in
818 1835 905 1902 isto?

81 1923 134 1990 Sic
158 1947 286 2010 quoque
310 1923 507 2009 Simplicius.
544 1925 667 1991 Contra
691 1925 737 1990 sic
759 1927 810 1990 vir
833 1946 1009 2010 generosus

10 2030 61 2078 470
79 2012 171 2077 Infit:
196 2013 253 2077 ‘Te
277 2036 455 2098 nunquam,
477 2014 580 2079 frater
603 2015 728 2099 dilecte,
749 2015 877 2099 negabo

79 2101 298 2167 Promeritum
320 2124 380 2167 nec
403 2103 447 2168 tis
471 2103 657 2168 meminisse
680 2103 807 2189 pigebit
828 2102 864 2166 in
886 2123 1010 2181 aevum,

79 2190 168 2255 Dum
191 2212 316 2255 memor
338 2191 409 2276 ipse
432 2193 509 2276 mei,
533 2193 609 2256 dum
633 2191 767 2277 spiritus
793 2192 854 2257 hos
877 2196 970 2278 reget
993 2194 1090 2256 artus.

79 2278 118 2344 Id
146 2283 258 2344 tamen
284 2279 370 2344 haud
395 2281 504 2344 animo
528 2281 604 2346 duxi
627 2303 687 2347 nco
710 2281 836 2346 adhoc
860 2302 986 2365 quoque
1009 2279 1092 2362 veni,

81 2367 152 2444 Quo
172 2367 291 2432 solium
310 2368 372 2433 hoc
391 2369 538 2453 subeam,
556 2371 725 2455 proprium
745 2370 800 2456 qui
818 2373 934 2455 sponte
953 2367 1090 2453 reliqui?

9 2471 61 2521 475
80 2455 133 2520 Ad
156 2456 235 2520 haee
259 2453 444 2540 Simplicius
468 2456 583 2542 tristis,
606 2459 792 2543 speculator
815 2458 951 2543 opimus,

79 2543 257 2608 Humectat
279 2545 401 2609 nitidas
425 2546 518 2630 largo
543 2547 582 2611 de
604 2547 737 2612 flumine
760 2547 874 2611 malas.

80 2631 163 2697 Tum
186 2632 330 2697 lacrimis
355 2637 463 2700 motus
486 2635 583 2700 heros
607 2636 655 2699 sic
678 2634 751 2699 infit
774 2633 922 2699 adorsus:

81 2719 152 2803 ‘Ne,
176 2743 306 2806 quaeso,
329 2722 425 2806 fieris,
447 2721 551 2788 frater
574 2745 713 2808 magnae
736 2722 878 2808 pietatis.

82 2807 239 2873 Actutum
262 2811 378 2895 patior,
402 2833 498 2896 quem
521 2810 569 2876 vis
593 2811 736 2896 perferre
759 2808 926 2875 laborem?
1013 2815 1018 2831 '

10 2911 62 2962 480
81 2897 207 2961 Taliter
230 2898 339 2984 evicit,
362 2900 465 2983 patris
490 2921 585 2983 quem
609 2901 740 2964 dextera
763 2898 871 2964 sanxit

79 2984 205 3051 Rursus
229 2990 395 3068 pastorem
419 2992 495 3071 post
517 2985 677 3071 Simplicii
698 2987 886 3071 requietem.

149 3183 240 3232 4510
261 3177 385 3233 ‘siciens’
445 3183 498 3233 452
523 3184 540 3230 0
561 3178 767 3234 ‘brittanniam'
823 3183 877 3232 454
899 3182 942 3229 07
963 3177 1088 3244 ‘affatus’

78 3253 131 3302 456
146 3256 164 3301 0
180 3248 384 3318 ‘steteruntque’
430 3255 484 3304 400
497 3255 518 3302 r
533 3249 590 3304 ‘Me
609 3251 655 3305 ne’
672 3249 834 3318 ‘lacrymas’
881 3254 933 3302 401
948 3253 969 3300 r
985 3247 1088 3316 ‘siqua'

79 3325 132 3373 463
148 3319 351 3388 o‘quicquam’
394 3325 447 3375 468
462 3319 582 3376 fortasse
596 3319 773 3375 scribendum
789 3320 865 3374 ‘istu’
910 3325 989 3374 4700
1001 3319 1091 3372 ‘num-

80 3391 176 3458 quam’
233 3396 286 3444 471
306 3391 405 3446 c‘Pro
423 3391 565 3445 meritnm’
582 3397 624 3445 cr
640 3392 746 3447 ‘uectis’
803 3397 856 3445 478
876 3389 1002 3444 c‘haut’
1022 3394 1043 3441 r
1061 3389 1092 3443 in

79 3460 205 3529 margine
220 3461 319 3515 ‘haud’
368 3468 421 3517 475
441 3467 458 3513 0
474 3462 661 3531 ‘symplicius'
713 3468 764 3517 477
783 3467 805 3514 1?
821 3460 975 3532 ‘lacrymis’
996 3466 1013 3513 0
1028 3458 1106 3519 ‘adr

78 3531 190 3586 horsus'
247 3537 299 3587 478
319 3538 337 3584 0
356 3533 475 3602 ‘macae’
532 3538 582 3587 481
602 3538 623 3585 r
643 3533 788 3590 ‘Rursum’

132 3630 261 3682 Harma,
275 3631 354 3671 Vrru
369 3640 521 3672 suranorum.
913 3628 929 3678 6
