2354 3946
207 169 230 231 L
255 167 380 224 PASSIO
400 167 447 226 ὃὸ.
462 167 573 223 PETRI
585 167 645 226 ΕΤ,
656 167 764 227 PAULI
781 169 1061 230 APCSTOLORUM.
1100 171 1141 237 13

403 328 444 382 De
462 328 571 383 visione
589 327 739 384 resurrecti
758 327 871 384 Christi

55 437 109 486 335
128 418 258 482 Primus
281 419 335 484 hic
355 418 522 485 Christum
540 423 617 504 post
634 419 773 485 Tartara
794 441 892 487 saeva
909 421 1054 486 virorum

175 506 314 572 Cernere
336 507 530 592 promeruit,
554 508 608 592 qui
632 509 688 591 pia
710 513 817 576 castra
839 510 932 595 regit.

423 647 465 701 De
484 645 727 702 commendatione
746 649 848 702 ovium.

130 737 194 799 Ast
217 737 320 819 epulis
343 737 500 822 posthaec
523 737 662 802 nimium
685 738 840 824 dignatur
863 740 1006 805 amoenis

177 823 319 909 Suscipit
342 830 376 892 et
398 830 492 891 terna
514 827 643 892 vincula
667 830 779 891 ternus
804 850 904 895 amor.

412 965 567 1020 Numerum
585 967 727 1021 restaurat
743 965 862 1036 lapsum.

130 1051 216 1118 Hinc
240 1055 404 1119 duodenus
427 1056 533 1120 honor
555 1056 637 1122 Iuda
651 1057 819 1125 >moriente
843 1058 987 1123 minutus

26 1170 35 1188 ··
60 1163 113 1210 340
176 1142 216 1206 In
238 1166 410 1208 numerum
432 1144 575 1230 priscum
598 1144 661 1213 hoc
684 1149 858 1215 revocante
881 1147 975 1213 redit.

445 1282 527 1337 Milic
544 1282 712 1340 Iudaeorum
730 1285 829 1342 salvat

131 1370 276 1436 Consilio
299 1374 428 1458 pollens
451 1372 605 1442 Iudaeam
625 1377 766 1461 denique
779 1381 921 1461 ,gentem

175 1459 315 1525 Instruit
338 1465 371 1526 et
393 1462 501 1528 salvat
524 1464 617 1529 milia
639 1466 733 1547 plura
756 1465 871 1531 uirum.

496 1602 537 1656 De
557 1602 658 1657 claudo
677 1604 780 1658 erecto.

132 1688 275 1754 Claudus
300 1693 370 1754 erat
393 1713 548 1776 marcens,
571 1695 665 1757 utero
687 1692 739 1758 cui
760 1694 874 1777 poples
899 1693 1055 1776 adhaesit,

178 1777 282 1854 Quem
304 1776 422 1843 Petrus
447 1781 535 1845 socio
557 1801 674 1864 nempe
696 1780 841 1846 Iohanne
864 1783 962 1847 levat.

429 1917 563 1973 Caeditur
580 1919 680 1974 Petrus
699 1923 728 1974 et
746 1918 846 1976 caedit.

62 2029 113 2077 345
132 2008 243 2072 Effera
266 2028 346 2093 gens
369 2008 489 2075 Iudaea
512 2011 600 2075 viros
622 2033 683 2094 pro
705 2011 827 2076 talibus
852 2013 939 2077 ausis

178 2095 307 2180 Caedit,
331 2100 366 2161 at
388 2097 461 2182 ipsa
485 2099 569 2170 sacri
592 2099 738 2164 caeditur
761 2121 818 2165 ore
840 2099 940 2164 Petri.

456 2237 498 2292 De
516 2236 627 2293 Ananis
645 2240 674 2293 et
693 2237 820 2306 Saphira.

132 2324 295 2410 Principio
318 2348 455 2392 nascens
479 2329 651 2394 damnatur
675 2329 816 2396 schisma
838 2331 1015 2396 nefandum

178 2413 267 2479 Voce
289 2413 379 2479 Petri
403 2421 436 2480 et
459 2417 599 2482 coniunx
622 2420 706 2484 ictus
730 2423 865 2504 uterque
889 2421 964 2485 ruit.

497 2557 539 2610 De
558 2556 670 2611 Simone
687 2573 781 2626 mago.

134 2643 258 2728 Simon,
282 2647 339 2711 ille
362 2648 458 2733 lupus
482 2648 559 2712 ficto
584 2670 641 2712 seu
664 2649 795 2713 nomine
818 2649 930 2736 frater,

64 2753 116 2801 350
181 2733 267 2798 Dum
292 2735 402 2800 divina
424 2737 509 2820 petit
532 2737 678 2821 vendere,
701 2737 763 2801 rite
785 2738 880 2820 perit.

560 2875 602 2930 De
621 2872 725 2930 Aenea.
747 2866 767 2876 ”

135 2964 265 3029 Aeneas
288 2965 419 3050 Lyddae
442 2966 603 3050 paralysis
627 2970 719 3051 peste
743 2972 911 3052 gravatus:

178 3052 309 3119 Pallida
331 3076 419 3120 mors
442 3054 525 3119 obiit
548 3055 666 3140 luxque
689 3056 805 3141 fugata
828 3055 920 3122 redit.

207 3317 424 3372 ‘'resurrectioae’
477 3322 560 3371 3353
574 3316 754 3387 ‘pertertare’
768 3316 859 3371 ‘seua’
911 3324 963 3373 337
975 3318 1052 3388 ‘post
1064 3319 1145 3375 haec’

136 3390 187 3439 343
208 3387 343 3442 ‘adhesit'
400 3392 454 3442 344
474 3388 571 3442 ‘lacot’
628 3392 680 3443 845
701 3387 813 3442 ‘Iudea2
871 3394 924 3444 346
945 3388 1028 3459 ‘ipse'
1049 3407 1064 3446 e
1082 3390 1113 3444 in
1130 3406 1149 3445 a

136 3460 292 3512 correctum
346 3463 398 3512 347
420 3458 613 3529 ‘dampnatur’
641 3458 800 3515 ‘schimma’
829 3491 866 3500 -
895 3459 1039 3531 ‘Symone'
1095 3468 1148 3518 343

136 3526 264 3596 ‘Symon'
320 3534 373 3584 351
394 3527 492 3585 ‘lidda'
