2354 3946
334 174 407 230 VIII.
438 173 591 230 ananan
615 175 663 229 DE
688 175 714 230 S.
733 173 852 230 LUOIA.
1032 175 1107 246 141Ι

83 338 210 404 Dehinc
234 358 332 423 super
355 337 510 402 ancillam
533 335 656 403 Christi
680 336 767 402 cadit
789 336 931 420 impetus
955 339 1061 402 omnis

10 444 64 496 430
84 426 268 512 Gymnasii3
291 448 367 491 nam
391 429 582 511 conceptum
605 426 695 510 prius
717 425 780 490 iste
803 425 968 511 malignus

82 516 203 601 Implet
228 537 323 601 opus:
346 515 438 580 iubet
459 514 619 580 infrenem
642 536 718 580 mox
741 513 852 580 adfore
874 515 1008 600 pubem,

84 605 136 670 Ad
160 605 247 669 mala
269 603 496 688 praecipitem,
518 604 672 668 vitiorum
697 625 825 688 semper
847 607 1026 688 amantem,
1110 666 1112 671 .

83 693 253 759 Virtutum
276 696 465 758 cunctarum
489 693 635 777 inopem,
658 693 709 757 cui
732 695 802 757 tam
826 693 973 776 speciosa

84 783 169 847 Aula
192 781 244 847 dei
267 781 427 846 vastanda
450 781 555 846 datur.
598 779 671 846 Ciet
693 781 835 865 undique
857 803 959 847 vanos

10 887 64 939 435
84 871 203 956 Turpis
228 892 320 935 amor
342 870 556 955 flammasque
581 873 671 935 creat
694 891 848 936 succensa
871 869 986 954 libido;

83 959 171 1024 Urbs
189 961 281 1025 volat
303 960 345 1023 ad
367 959 490 1023 famam
512 957 643 1043 rapiens
661 980 883 1046 quemcunque
905 959 1080 1044 petulcum,

85 1048 173 1124 Quae
196 1049 321 1133 passim
345 1047 496 1133 crepItat,
517 1048 653 1113 sordens
677 1048 818 1134 gaudere
842 1048 990 1132 lupanar,

84 1135 232 1221 Virginis
256 1137 297 1201 ad
322 1138 475 1222 speciem,
499 1159 596 1220 quam
620 1159 655 1202 ae
678 1136 811 1202 irridere
834 1137 982 1203 revolvit.

86 1223 112 1290 Ο
136 1225 266 1290 bonitas
290 1224 450 1291 immensa
473 1225 538 1309 dei,
562 1247 660 1309 quam
683 1226 776 1291 nulla
798 1229 970 1291 morantur

10 1332 64 1383 440
85 1314 336 1399 Impedimenta,
359 1315 427 1379 suis
445 1313 593 1380 >occurrit
614 1336 713 1398 quam
737 1314 802 1379 cito
826 1314 991 1398 membris,

86 1401 120 1469 Si
144 1425 208 1487 qua
230 1405 347 1488 parent
370 1402 437 1467 illis
459 1403 591 1467 inimica
613 1402 734 1466 inferre
756 1403 883 1467 ruinas!

84 1490 156 1556 Iam
180 1514 295 1556 manus
319 1491 461 1556 exterius
484 1491 673 1577 contingere
697 1490 828 1555 sordida
851 1495 980 1556 tantum

85 1579 195 1644 Audet
219 1583 252 1644 05
275 1579 316 1645 ad
338 1579 430 1645 nefas
455 1581 630 1645 obscenum
652 1601 769 1666 urgere
792 1579 925 1644 Luciam

84 1667 227 1734 Interius
250 1669 412 1754 nocitura,
435 1668 526 1734 velut
548 1668 644 1733 iubar
666 1668 799 1733 horrida
822 1668 945 1754 sordes,

10 1775 64 1827 445
87 1755 186 1822 Cuius
210 1761 363 1823 contactu
386 1757 522 1823 maculis
545 1778 612 1822 non
634 1756 859 1841 participatur.

87 1845 203 1910 Adfuit
189 1845 366 1911 50000110
390 1846 555 1912 caelorum
578 1845 713 1930 spiritus
738 1848 860 1928 auctor,

85 1934 185 1999 Forte
152 1937 286 2000 tsuae
308 1934 408 1999 robur
424 1934 573 2000 famulae
597 1933 653 2019 qui
676 1939 752 2000 cont
738 1935 815 1999 tulit
800 1935 965 2031 tingens3

84 2021 171 2088 Nam
196 2044 268 2087 cum
291 2023 393 2088 vellet
379 2028 486 2088 team
510 2022 658 2117 gyrando
681 2024 779 2088 turba
802 2044 940 2106 movere,

86 2111 162 2176 Non
185 2133 228 2195 po
231 2111 309 2195 tuit,
331 2112 407 2196 quia
429 2112 502 2176 fixit
523 2134 596 2178 eam
619 2134 696 2178 mox
719 2133 845 2177 summa
867 2114 1026 2196 potestas,

10 2218 66 2270 450
86 2199 133 2266 Ut
119 2199 219 2264 tdict
204 2202 274 2265 tum
294 2204 353 2283 est,
372 2203 405 2265 et
424 2205 594 2286 tamquam
614 2223 709 2266 mons
724 2202 833 2287 gravis
848 2201 924 2266 inde
938 2199 1101 2266 manebat.

86 2287 265 2373 Impellunt
287 2289 383 2354 multi
407 2291 542 2355 summis
566 2294 599 2354 05
621 2290 745 2356 0101000
769 2292 909 2355 instant:

86 2376 222 2442 Femina
245 2378 302 2443 dat
325 2378 512 2444 stomachos
536 2379 727 2463 animosque
750 2379 861 2444 irritat
882 2379 1016 2444 inermis

88 2463 192 2530 Sexus
215 2488 263 2550 eo,
286 2467 372 2551 quod
394 2467 470 2532 huic
494 2467 678 2532 dominetur
700 2469 845 2533 mascula
867 2469 981 2551 virtus,

86 2552 234 2620 Naturae
257 2577 330 2620 cum
354 2554 407 2620 lex
429 2557 599 2641 proprium
623 2555 686 2619 sibi
709 2555 853 2621 vindicat
876 2577 986 2639 usum,

10 2661 66 2712 455
88 2641 184 2708 Nunc
208 2647 321 2708 autem
340 2644 410 2709 vice
432 2644 470 2708 fit
492 2665 589 2710 versa
612 2643 784 2708 sublimior
807 2643 849 2708 ob
873 2642 945 2728 hoc,

87 2729 182 2806 Quod
204 2730 290 2797 ferat
312 2733 484 2817 imperium
508 2754 543 2798 se
567 2732 708 2797 subdens
732 2735 848 2817 sponte
872 2753 1057 2817 supernum.

86 2818 235 2903 Impetus
258 2821 390 2886 illorum
414 2821 542 2887 cadite
543 2819 713 2887 triolent
704 2843 737 2885 ra
760 2819 892 2906 grandis

86 2907 187 2973 Irrita
151 2909 256 2974 5115
296 2909 405 2975 Homo
429 2911 511 2975 stult
497 2914 550 2974 500
574 2909 651 2995 quid
674 2912 772 2993 queat
794 2909 828 2973 in
851 2909 1072 2973 dominantem

88 2994 194 3062 Ounct
180 3001 290 3062 tarum
313 2999 445 3063 rerum?
492 2997 562 3064 Sibi
584 3002 715 3063 tantum
738 2997 822 3062 ludit
808 3000 865 3062 tur
885 2997 950 3062 uni

10 3104 66 3158 400
88 3082 265 3151 Certamen
288 3090 439 3173 coeptum
462 3109 574 3153 rursus
597 3091 698 3153 novat
722 3106 841 3171 agmen
864 3107 1008 3151 enorme.

160 3265 214 3316 400
235 3260 365 3316 ‘Debicc’
386 3262 461 3331 prior
480 3261 591 3331 syllaba
609 3260 753 3345 evanuisse
771 3260 882 3316 videtur
940 3264 993 3313 430
1013 3257 1102 3313 ‘Gim-

85 3331 172 3387 nasii’
226 3337 278 3387 431
296 3331 406 3387 ‘affore’
458 3337 510 3388 432
531 3319 709 3403 ‘precipitem
726 3331 873 3387 viciorum’
925 3330 1004 3385 436‘
1007 3345 1102 3399 quem·

85 3400 998 3472 0001000430’10000000’446Ἀ11015’448’ςὶ’000(10
1049 3405 1102 3456 451

87 3473 259 3543 ‘Inpellunt'
303 3479 355 3530 450
371 3474 527 3530 ‘Faemina’
570 3480 624 3540 454
639 3474 793 3530 ‘condicat’
837 3421 1101 3529 458’010001500500’

84 3549 143 3601 460
160 3544 297 3616 ‘’coptum
