2354 3946
136 205 200 270 172
449 205 496 261 ΙΧ.
524 204 611 260 VITA
634 205 660 262 S.
681 204 834 260 GISLENI.

65 387 117 436 666
137 368 187 434 Ob
212 370 355 434 studium
379 369 468 452 pacis
493 369 586 452 signo
611 368 656 432 sit
678 367 796 432 amicta
818 367 952 450 pudoris

137 458 186 523 Ac
209 458 345 522 horrens
368 457 516 522 homiues
541 459 671 521 maneat
694 478 752 521 ceu
775 456 912 521 carceris
937 456 1048 522 obses.
1150 513 1152 518 .

137 547 281 611 Auribus
304 551 343 610 ut
365 547 503 611 celebris
528 546 637 610 sonuit
659 544 739 610 haec
762 544 851 609 fama
875 546 1011 631 sororis,

138 635 287 721 Virginei
310 635 400 699 floris
424 656 507 718 quae
530 635 687 699 vernabat
708 633 910 715 rudimentis,
934 670 980 681 -

137 723 342 809 Aldegundis
366 723 453 788 enim
477 725 617 806 sumpsit
640 722 838 806 baptismate
861 744 983 786 nomen

67 830 119 880 610
137 812 278 898 Legerat
302 816 335 876 et
359 812 444 877 sedis
468 811 600 876 sibimet
621 812 694 876 loca
717 809 953 875 Malbediensis
981 848 1022 859 —-

137 902 288 985 Apparet
311 923 468 985 expensas
492 904 525 964 et
549 901 677 984 quaerit
699 899 821 964 discere
845 920 961 963 causas

137 988 319 1054 Castriloeo
343 990 475 1053 tandem
497 989 587 1053 videt
611 992 643 1052 et
666 1010 779 1052 secura
802 1009 962 1072 sororem3

138 1076 178 1142 Se
202 1078 299 1141 simul
324 1077 499 1160 exhilarat,
523 1078 600 1141 talis
625 1077 700 1160 quia
723 1076 811 1141 fama
834 1076 972 1141 volarat.

137 1165 274 1248 Appetit
298 1166 482 1246 amplexum
505 1168 575 1227 tum
599 1185 772 1248 germanae
796 1164 1020 1230 venerandum

66 1269 117 1321 616
136 1252 282 1316 Plurima
306 1252 345 1316 de
369 1252 493 1334 superis
517 1252 605 1316 vitae
629 1274 764 1317 sensura
787 1255 971 1318 momentis.

136 1341 209 1406 Hoc
233 1347 265 1404 et
289 1341 427 1406 concilio
451 1340 559 1424 coepti
583 1362 617 1404 se
640 1341 746 1405 iunxit
770 1343 873 1427 origo,

137 1430 330 1496 Nobilitatis
354 1431 468 1514 honos,
492 1429 653 1513 Gislenus,
676 1430 766 1514 pacis
790 1435 824 1495 et
846 1431 973 1515 archos,

139 1519 201 1596 Qui
224 1519 311 1584 vitae
335 1519 460 1584 meritis
484 1520 646 1584 candebat
669 1519 729 1583 flos
753 1518 896 1602 pietatis.

138 1607 200 1672 Hie
223 1607 409 1694 Aldegundi
433 1629 622 1692 germanam
647 1607 833 1691 delenienti‚

67 1714 119 1764 626
139 1694 209 1771 Quo
234 1697 297 1761 sibi
321 1719 355 1761 se
379 1697 510 1781 copulet
531 1698 605 1762 loca
628 1719 685 1762 seu
709 1696 838 1760 deserta
860 1696 1028 1780 relinquat

137 1784 358 1869 Malbediique
383 1787 483 1850 situm
507 1785 682 1850 contendat
704 1785 809 1849 visere
833 1785 971 1868 clarum,

138 1872 338 1938 Omnimodis
363 1874 510 1959 dignum,
534 1874 692 1939 celebrem
718 1895 846 1958 quoque
870 1872 1072 1961 divitiarum,

139 1960 267 2027 Obiecit
290 1985 439 2047 parmam
462 1967 577 2028 contra
599 1963 708 2027 zabuli
731 1985 789 2027 ceu
812 1962 972 2046 linguam:

138 2047 240 2116 ‘Haec
263 2052 336 2115 loca
359 2052 552 2134 subscripsit
573 2052 717 2116 famulae
741 2073 877 2115 censura
900 2051 1063 2137 tonantis3
1174 2074 1177 2089 ·

67 2155 117 2207 626
137 2139 201 2204 Hie
225 2161 284 2203 sua
306 2143 384 2203 vota
408 2141 467 2204 deo
488 2139 603 2204 reddet
626 2140 686 2204 sub
712 2141 780 2204 sole
802 2140 928 2204 tributo

139 2226 251 2290 Sumet
274 2230 307 2290 et
329 2227 382 2291 hic
404 2228 569 2291 tumulum
592 2229 698 2292 earnis
721 2231 798 2310 post
821 2228 917 2292 funus
941 2227 1141 2296 honestum’

137 2314 285 2378 Pectoris
309 2336 347 2376 ex
371 2336 470 2397 capsa
492 2337 607 2379 rorans
630 2316 710 2379 haec
733 2317 864 2397 praesul
888 2315 998 2401 opima

137 2401 250 2466 Doxae
274 2401 432 2466 Malbedii
455 2403 630 2485 probitatis
653 2425 773 2468 nomen
796 2405 941 2486 adauxit,

138 2489 302 2575 Dogmate
326 2513 423 2576 quam
447 2512 583 2574 pascens
606 2491 714 2556 meriti
739 2493 892 2557 conduxit
915 2493 955 2558 ad
978 2516 1134 2580 unguem.

67 2598 119 2646 630
139 2578 288 2663 Denique
311 2581 472 2646 nectareis
496 2579 593 2664 digne
616 2583 763 2646 recreata
785 2582 923 2666 loquelis

137 2668 313 2754 Adgandet
336 2670 422 2735 votis
447 2691 620 2755 germanae
643 2670 738 2734 laude
761 2670 884 2754 politis.

138 2757 225 2822 Hine
248 2757 374 2822 animos
398 2759 504 2824 nutrit
526 2759 618 2823 verbi
641 2759 805 2845 pinguedo
829 2760 972 2842 superni:

138 2845 236 2911 Caelo
260 2847 439 2930 suspirant,
462 2848 575 2932 flagris
600 2847 677 2912 dum
700 2851 834 2932 pectora
856 2848 999 2932 pulsant.

138 2934 271 2999 Glutine
295 2935 351 2999 sed
374 2935 464 3020 pacis
489 2939 621 3002 sanctae
644 2936 857 3022 compagibus
882 2937 959 3000 altis

209 3149 260 3199 606
276 3144 340 3199 ‘Ac’
356 3144 451 3199 media
465 3145 603 3213 quaedam
621 3145 719 3201 littera
733 3161 814 3201 erasa
868 3149 919 3199 616
939 3162 989 3216 pro
1006 3146 1151 3216 ‘plurima’

139 3214 294 3283 ‘multum’,
318 3232 370 3285 pro
391 3214 490 3270 ‘vitae'
513 3216 625 3287 ‘digni’‚
649 3234 700 3290 pro
715 3215 886 3272 ‘momentis'
909 3217 1046 3287 ‘pudoris’
1068 3235 1154 3287 supra

136 3286 241 3340 lineam
270 3286 406 3356 seriptum
435 3290 528 3342 exstat
599 3293 651 3342 616
677 3287 793 3356 ‘caepti'
819 3292 885 3357 post
901 3285 920 3341 'i
947 3288 1044 3343 littera
1071 3304 1153 3343 erasa

139 3362 190 3410 617
212 3359 303 3412 ‘onos’
325 3375 388 3412 cum
406 3359 475 3412 nota
494 3359 627 3413 omissih
701 3363 752 3414 619
773 3357 945 3414 ‘delinienti'
966 3357 1154 3430 interpolator

138 3427 240 3482 maluit
256 3428 321 3483 ‘rite
340 3428 478 3483 monenti’
531 3433 583 3484 624
598 3427 744 3484 ‘famulae’
763 3430 796 3483 ‘s
812 3429 890 3484 suae’
908 3445 1043 3496 superscr.
1100 3435 1152 3485 628

139 3496 297 3552 ‘melbodii’
364 3505 416 3554 629
437 3499 575 3568 ‘pussens’
597 3499 719 3552 alterum
743 3517 755 3552 6
778 3499 809 3553 in
831 3516 847 3554 e
869 3501 1025 3552 correctum
1100 3507 1153 3556 664

137 3566 334 3636 ‘conpagibus'
