2354 3946
341 184 402 241 VII.
431 184 558 242 PASSIO
577 185 604 242 S.
623 185 793 242 nanuum.
1010 187 1074 253 119

60 349 265 414 Alterutrum
288 353 400 413 tamen
422 349 494 432 ipsa
518 349 580 413 sibi
603 349 746 414 coeundo
771 348 924 435 ligantur.

60 437 125 502 Res
149 437 230 501 facit
253 438 341 520 haec,
365 439 441 522 quia
465 438 574 503 divino
597 442 679 502 nutu
702 438 891 503 moderante

61 526 223 609 Tempora
247 527 420 591 succedant
443 527 519 608 sibi,
544 527 628 592 sicut
650 531 731 592 nota
753 527 909 612 sciuntur,

11 632 42 681 το
61 615 138 699 Ver,
161 619 278 696 aestas,
302 618 485 697 autumnae,
508 615 625 680 hiems:
654 615 706 680 his
729 616 872 680 volvitur
896 638 1008 681 annus.

60 704 127 768 Ver
149 704 294 768 naturali
317 707 427 768 movet
449 704 565 768 intima
589 704 713 769 viscera
735 707 842 768 terrae

60 792 141 876 Igne
164 792 277 857 fovens
301 793 336 856 111
360 814 451 877 spem
473 793 607 875 fructus,
631 793 714 858 viret
737 792 813 860 111116
831 814 944 858 nemus
964 814 1073 880 omne3

60 881 243 945 Arboribus
267 881 399 945 frondes
423 884 456 944 et
479 881 758 966 pascuationibus
782 886 890 966 611161,
1091 905 1107 945 r.
1120 895 1163 944 21*

60 968 208 1034 Frondea
231 970 360 1055 quando
384 969 498 1034 avibus
521 970 695 1053 respondet
720 970 804 1035 silva
828 971 963 1036 canoris.

10 1074 43 1124 66
63 1058 181 1122 Aestas
204 1062 284 1122 nata
306 1057 411 1139 fovet,
435 1063 562 1143 segetes
584 1059 742 1124 informat
765 1063 799 1123 ct
820 1061 900 1143 urit,

62 1145 149 1222 Quas
172 1146 288 1210 insana
311 1147 422 1230 coquit
444 1146 533 1211 canis
557 1152 590 1212 61
614 1148 708 1212 metit
730 1147 805 1211 inde
828 1149 991 1232 maniplos

61 1234 243 1299 Messorum
267 1257 392 1319 manus,
415 1239 452 1299 ut
475 1235 595 1301 habeat
617 1237 669 1302 vel
693 1237 831 1319 parvula
852 1236 991 1321 victum,

62 1322 150 1399 Quae
173 1323 310 1388 formica
334 1346 409 1389 suas
432 1323 593 1407 importat
615 1328 769 1409 prompta
792 1348 956 1391 cavernas.

61 1413 247 1477 Autumnus
271 1434 347 1477 vero
371 1412 510 1477 miratur
532 1413 627 1477 mitia
649 1435 760 1498 poma,

10 1517 42 1566 86
61 1500 224 1586 Frugibus
247 1501 311 1566 hoc
333 1507 462 1585 tempus
486 1501 622 1564 maturis
645 1502 727 1566 utile
749 1501 834 1565 ridet

61 1589 106 1654 Et
129 1589 234 1673 plenis
257 1593 366 1656 musto
390 1589 477 1654 vasis
501 1589 669 1654 vindemia
689 1595 826 1672 spumat.

61 1678 108 1742 At
131 1679 220 1742 canis
245 1678 383 1762 genialis
406 1677 511 1742 11161116
535 1700 609 1743 cum
633 1677 785 1762 saepibus
808 1677 935 1761 haeret,

61 1764 148 1830 Dum
171 1766 288 1832 fluvius
313 1767 409 1832 durat
432 1766 571 1852 glaciem
594 1767 794 1852 pedibusque
816 1767 987 1831 terendum

60 1854 179 1920 Pandit
202 1857 264 1920 iter
286 1859 394 1920 tutum
418 1855 517 1919 remis
540 1855 711 1938 lemboque
735 1860 878 1938 suetum,

9 1959 43 2008 86
62 1942 197 2029 Frigore
220 1948 406 2028 torpentem
430 1947 542 2008 monet
563 1943 732 2029 indulgere
756 1944 907 2008 colonum

61 2030 224 2106 Quaesitis
249 2036 404 2116 artusque
428 2032 510 2096 focis
534 2052 718 2096 assuescere
742 2031 865 2097 amicis.

61 2120 151 2186 Tunc
174 2121 253 2186 laeti
277 2120 439 2206 agricolae
463 2120 549 2184 curis
572 2121 809 2204 proculusque
832 2120 967 2186 remotis

60 2209 175 2274 Mutua
197 2213 375 2292 pascuntur
398 2209 561 2292 convivia,
584 2231 644 2274 nec
666 2213 777 2274 tamen
800 2210 888 2274 istud

62 2297 195 2382 Absque
218 2298 330 2363 labore
353 2298 440 2382 fugit
462 2303 601 2381 tempus,
624 2298 701 2363 dum
725 2298 910 2377 sollicitudo

9 2403 43 2452 90
61 2385 203 2451 Insidias
227 2388 342 2452 avibus
366 2386 475 2450 moliri
498 2386 638 2473 instigat
661 2392 694 2452 e
717 2392 813 2474 urget

63 2476 198 2540 Auritos
222 2476 357 2540 canibus
380 2475 505 2558 lepores
530 2498 568 2539 ac
590 2498 710 2560 ponere
733 2477 835 2540 cervis

62 2563 160 2628 Retia
182 2565 235 2629 vel
258 2564 435 2629 6616166111
458 2565 593 2628 vulnera
615 2564 700 2628 ferre
723 2564 810 2649 sagit
811 2571 871 2629 166.

62 2652 154 2738 Ergo
177 2675 236 2737 per
259 2652 429 2737 obliquum
452 2652 619 2804 quadrigis
642 2651 882 2717 flammivomus
905 2654 955 2718 661

63 2739 194 2806 Zodiaci
218 2742 294 2806 dum
318 2741 476 2805 curratt
449 2762 521 2824 1er,
545 2763 602 2805 ceu
624 2740 757 2804 flumine
780 2741 915 2825 puppim

10 2846 43 2895 66
62 2830 209 2895 Adverso
234 2829 342 2894 videas
367 2850 442 2893 mox
465 2791 633 2893 deficiente
658 2829 815 2914 magistro
1092 2849 1110 2889 a
1123 2840 1161 2889 aa

62 2917 101 2982 In
123 2940 277 3002 praeceps
301 2917 382 3001 labi,
405 2917 537 3000 rapidus
561 2940 659 3002 quam
683 2917 843 3001 pertrahit
867 2917 985 2982 amnis:

62 3006 133 3071 Hac
156 3007 284 3071 ratione
308 3008 425 3071 breves
446 3010 624 3090 properant
648 3028 682 3071 66
705 3007 855 3091 tinguere
880 3005 964 3071 soles

62 3094 189 3161 Oceano
212 3095 354 3177 hiberni,
378 3094 430 3160 vel
454 3100 568 3160 contra
591 3096 629 3159 fit
652 3117 743 3159 mora
766 3095 868 3159 tardis

62 3183 223 3250 Noctibus
248 3206 285 3250 ac
309 3183 387 3249 solis
411 3182 557 3248 defectus
580 3183 727 3269 contegit
750 3183 862 3248 orbem

133 3417 185 3467 868
207 3413 264 3480 ‘fac
285 3411 348 3466 hec’
369 3410 443 3465 inter
466 3410 522 3463 duo
540 3409 627 3465 verba
649 3410 772 3464 scissura
793 3410 824 3463 in
847 3409 1010 3464 membrana
1032 3410 1077 3464 661

63 3488 115 3539 870
140 3484 237 3538 ‘estas’
267 3482 400 3551 ‘hiemp's
475 3484 528 3536 878
552 3480 635 3546 ‘Q'ue
710 3486 762 3535 882
787 3480 920 3550 ‘hiemps’
952 3481 1078 3551 ‘sepibus

63 3555 153 3611 heret'
211 3560 263 3610 886
283 3501 428 3619 ‘Qussitis'
486 3556 538 3607 88¹1
560 3549 634 3607 ‘leti’
691 3552 773 3606 896‘
775 3552 903 3622 preceps’
