2354 3946
447 196 481 255 v.
507 197 556 252 on
573 196 728 253 nonme.
1056 201 1098 266 27

100 354 124 416 ut
140 351 283 436 quodque
306 351 391 416 siout
412 349 505 415 alteri
526 351 618 415 heret
644 351 691 415 ita
718 351 758 414 ab
787 351 887 416 altero
910 353 1097 435 appelletur.

38 510 40 515 ¹
98 437 207 521 propria
234 455 315 520 ergo
338 435 472 500 nomina
493 456 560 499 non
585 434 761 500 secundnm
782 436 962 519 simplicem
983 458 1097 501 sonum

38 522 43 549 ³
97 521 218 586 aranda
232 525 322 600 sunt,
346 520 402 585 sed
416 519 591 585 secundum
607 520 808 585 subtiliorem
824 520 986 604 quandam
1000 521 1098 586 inter·

37 611 41 619 '
95 606 301 689 pretationem.
345 605 526 689 proprietas
548 605 668 689 quippe
691 605 770 669 duas
792 627 842 669 res
865 605 1027 691 significat
1042 610 1099 670 aut

95 690 310 774 specialitatem
344 693 401 753 aut
433 689 633 773 propriorem
666 689 825 754 ordinem:
860 692 983 774 proprii
1012 691 1098 755 enim
1124 709 1137 750 a

94 779 164 840 recta
190 775 346 839 dicuntur
374 774 431 857 qui
459 775 494 838 in
516 774 691 857 primordio
714 774 881 839 ciuitatum
902 774 1025 840 honore
1046 775 1098 840 uel

94 859 235 944 dignitate
249 859 304 922 uel
316 879 414 923 censu
425 859 617 940 scribuntur,
629 859 715 923 unde
727 860 759 922 et
769 857 905 924 Cicero
921 860 961 922 de
972 859 1097 924 Iustino

95 944 213 1027 quodam
246 942 396 1008 Romano
429 943 572 1008 scribens
604 945 651 1007 ita
682 942 789 1006 infinit
816 943 963 1008 Iustinus
994 949 1100 1008 autem

91 1031 226 1113 proprius
253 1029 397 1094 omnium
422 1048 486 1094 sese
506 1029 629 1094 obdcdc't
648 1027 711 1092 hoc
733 1031 782 1092 est
796 1031 926 1111 primas
947 1030 1098 1094 omnium.

93 1113 208 1198 proprie
235 1133 315 1198 ergo
342 1113 475 1176 nomina
502 1113 657 1196 primaria
679 1112 814 1177 dicenda
835 1117 911 1177 sunt
932 1116 969 1177 ut
991 1113 1098 1179 Romo
1112 1136 1136 1174 ιο

92 1198 247 1281 Carataco.
293 1198 475 1262 eommunia
501 1201 608 1262 autem
634 1196 796 1262 inferioris
818 1198 940 1262 ordinis
962 1202 1039 1263 sunt
1061 1202 1098 1263 ut

36 1328 39 1363 ἰ
91 1284 202 1348 ciuitas.
245 1282 284 1347 de
306 1302 342 1345 re
363 1285 473 1346 autem
495 1285 529 1347 et
556 1302 690 1365 corpore
717 1282 811 1346 multi
839 1283 1004 1347 haesitant.
1047 1304 1098 1347 res

36 1370 38 1395 ²
89 1365 198 1432 hebrea
223 1366 319 1431 litera
347 1370 395 1432 est
423 1388 505 1450 quac
533 1367 766 1450 interpretatur
795 1372 898 1451 caput.
946 1389 997 1432 res
1020 1388 1097 1452 ergo

88 1449 141 1516 hoc
166 1455 216 1517 cst
238 1451 325 1535 quod
347 1455 381 1515 et
401 1451 589 1535 primarium
610 1472 740 1515 nomen.
785 1453 869 1517 sicut
891 1473 968 1536 ergo
991 1474 1010 1516 a
1031 1453 1096 1536 pri-

86 1537 181 1601 mario
196 1535 341 1620 quolibet
363 1536 498 1633 docetur
519 1536 678 1634 exercitiis
700 1536 845 1620 inferior,
868 1537 914 1602 ita
937 1541 969 1601 et
993 1538 1097 1634 capite
1111 1554 1137 1595 1⁵

82 1620 1099 1789 1111ρὲ111111·11111111111111111111

82 1796 157 1856 sunt
177 1794 217 1855 ut
235 1810 303 1873 rex,
327 1790 482 1873 quaedam
505 1789 677 1873 primatiua
698 1791 841 1856 uocitata
863 1795 896 1854 et
916 1788 1034 1852 multas
1057 1789 1098 1853 ob

81 1897 190 1942 causas
213 1877 325 1958 postea
347 1874 574 1958 repperiuntur
595 1875 770 1957 inmolata,
792 1873 856 1936 alia
873 1872 958 1937 enim
975 1873 1016 1937 ob
1030 1873 1098 1940 uio-

78 1961 213 2041 toriam,
235 1959 300 2023 alia
322 1959 363 2022 ob
386 1959 578 2042 dignitatem
585 2009 594 2043 ,
618 1960 681 2024 alia
703 1960 744 2024 ob
767 1957 993 2037 iniamitatem,
1017 1961 1098 2022 non·
1111 1975 1137 2015 ao

77 2045 168 2110 nulla
190 2045 232 2109 ob
255 2064 397 2107 amorem
419 2042 523 2108 indita
544 2048 630 2108 sunt.
667 2066 738 2109 cum
761 2044 848 2109 enim
870 2042 978 2125 Scipio
1002 2042 1099 2106 Affri-

77 2151 177 2195 canos
206 2132 240 2193 et
261 2128 346 2192 bello
369 2127 501 2192 uicisset
522 2131 554 2192 ct
575 2129 611 2192 in
634 2129 834 2195 dedicionem
856 2127 1039 2212 recepisset,
1067 2132 1100 2192 et

76 2216 147 2299 ipse
174 2212 285 2297 Scipio
314 2213 506 2294 Affriccaua
533 2213 637 2278 dictus
666 2217 724 2278 est.
769 2213 940 2279 Gordonus
967 2215 1100 2298 propter

75 2300 281 2364 Misanorum
297 2295 507 2380 opullentiam
529 2297 795 2382 dignitatemque,
811 2299 927 2382 quibus
942 2301 1099 2381 praeerat,

75 2385 235 2450 Maliacas
257 2384 291 2446 et
310 2382 380 2465 ipse
395 2385 530 2446 uocatus
546 2387 609 2464 est,
632 2381 807 2447 Mantanus
823 2403 949 2466 quoque
966 2387 1100 2529 propter
1113 2397 1139 2437 25

76 2469 252 2534 auaritiam
266 2467 550 2550 uoracitatemque,
574 2487 654 2550 quae
669 2467 808 2532 Tantalo
824 2487 964 2532 uernacu
978 2488 998 2530 a
1012 2469 1099 2539 sunt,

146 2727 161 2775 1
181 2720 265 2798 lieret
281 2721 321 2780 P,
346 2719 407 2773 eret
423 2718 458 2796 N
470 2720 481 2787 l
497 2717 541 2772 11.
565 2717 817 2795 propria-interp.
835 2719 994 2842 01111113
1016 2721 1101 2774 inter-

76 2791 279 2859 praetaaonem
296 2788 325 2842 P
337 2788 376 2855 14
393 2801 498 2855 qulppe
517 2801 568 2840 oca.
581 2785 616 2840 N
624 2788 634 2855 1
646 2786 699 2839 dus
715 2787 743 2840 P
755 2787 766 2854 1
778 2787 931 2856 argmfioart
986 2790 1101 2857 {ltpro-

97 2859 120 2943 r¹
142 2891 185 2954 Ρ,
203 2888 302 2966 propri
313 2887 348 2942 N
356 2889 366 2955 1
379 2887 423 2940 af.
438 2886 706 2965 civitatum-censu
718 2902 770 2945 om.
783 2887 817 2942 N
826 2889 836 2957 1
848 2894 863 2943 ‘1
876 2893 975 2943 census
985 2889 1012 2956 (l
1022 2904 1055 2965 ea·
1066 2889 1099 2954 n)

76 2909 105 3013 ς’
141 2963 158 3012 9
178 2971 289 3009 ommus
299 2955 328 3008 P
340 2957 350 3023 11
363 2954 475 3009 obsedit
486 2954 520 3009 N
528 2956 538 3023 l
551 2970 646 3009 omma
656 2955 690 3009 N
699 2955 709 3024 1
724 2961 754 3008 10
766 2957 888 3025 propriae
899 2955 936 3022 P,
954 2970 1006 3022 pro
1028 2971 1102 3006 rium

76 3040 184 3080 nomen
194 3023 229 3078 N
237 3025 248 3091 1
262 3028 360 3077 10-11
371 3024 404 3076 ut
415 3021 641 3099 Roma-civitas
651 3037 702 3076 om.
711 3022 745 3077 N
753 3024 764 3090 1
778 3029 807 3076 11
819 3023 953 3088 chartago
965 3021 993 3074 P
1005 2973 1102 3098 1110οω-

78 3093 177 3148 monia
193 3092 223 3146 P
242 3091 356 3160 (utique
373 3092 441 3157 fere)
454 3091 464 3158 1
478 3095 509 3142 11
528 3090 631 3160 entant
648 3089 681 3145 N
694 3091 704 3159 1
718 3097 750 3144 13
769 3089 854 3143 ebrea
865 3089 893 3142 P
905 3088 916 3155 ΙΙ
930 3093 961 3139 14
978 3103 1101 3156 primam

77 3195 152 3248 aum
175 3193 274 3270 Pla
286 3160 419 3272 l‘dtnaea
433 3193 471 3270 13,
488 3205 540 3268 aa.
557 3189 685 3270 111151.Ι
701 3186 960 3266 afesor-regan
977 3202 1028 3246 an.
1043 3188 1103 3312 1111

80 3267 111 3316 lo
128 3276 209 3315 nomi
226 3260 277 3327 Ρ1
291 3266 321 3314 17
331 3259 352 3315 f.
365 3258 724 3328 prmoipaha-pnmatrva
734 3271 785 3310 om.
797 3254 832 3313 N
840 3257 850 3325 1
865 3260 896 3310 18
908 3259 1062 3324 primatum

81 3349 141 3413 119
159 3360 190 3399 re
234 3343 327 3422 eriunt
344 3343 556 3423 Plvicturiam
572 3342 668 3420 11111
679 3340 791 3418 ,scripio
806 3339 841 3394 N
854 3341 982 3409 (semper)
998 3342 1008 3409 1
1025 3325 1102 3394 af'fri-

80 3430 166 3468 canus
232 3411 293 3479 111
311 3411 481 3465 indicionem
503 3410 560 3480 Nl
576 3416 609 3464 13
632 3409 735 3462 dicitur
751 3423 785 3469 ῳ
801 3409 845 3476 Ν,
869 3407 970 3461 ductus
987 3409 1031 3461 est
1047 3408 1075 3463 p
1088 3410 1099 3473 p

82 3496 233 3551 Gordunua
251 3497 279 3550 P
291 3496 301 3563 1
314 3501 347 3549 14
365 3482 551 3566 cpullentiam
568 3493 601 3549 N
610 3495 620 3562 11
632 3507 683 3563 pre
702 3506 778 3546 cram
796 3491 830 3546 N
838 3493 848 3561 1
861 3498 893 3547 16
911 3491 1032 3546 cantabo
1048 3492 1085 3546 P.
