2354 3946
409 210 468 269 VII.
495 210 544 265 DE
562 209 693 266 UERBO.
1017 214 1059 279 53

53 363 168 429 utiuus
189 367 224 428 et
243 363 509 445 coniunctatiuus,
532 362 587 428 sed
602 365 729 428 tantum
744 365 830 427 trina
844 363 1059 429 declinatione

10 504 12 515 .
54 449 226 514 coniunctis
255 447 421 512 dumtaxat
449 447 573 514 duobus
600 448 635 512 in
661 470 760 512 unum
787 448 985 532 temporibus
1013 451 1059 515 sio

55 533 191 599 flectitur.
237 531 293 596 sed
314 530 393 597 haee
414 534 497 597 ratio
520 533 663 598 breuiter
684 533 862 618 detegenda
883 535 945 613 est,
974 535 1060 617 quod

56 618 115 684 ideo
135 616 196 682 hoo
217 616 316 682 modo
339 617 535 701 amolimur,
560 618 636 702 quia
659 618 793 701 amplius
816 618 970 683 latinitati
991 640 1059 684 non

10 706 13 735 '
58 702 192 787 suppetit
237 702 464 766 coniunctiuus
493 703 607 768 modus
636 701 716 766 duas
738 703 779 767 ob
802 723 912 767 causas
935 704 981 768 sio
1004 726 1084 768 uo-r,

59 792 134 852 catur
158 785 212 850 uel
239 789 371 870 propter
400 787 662 853 coniunctionum
689 790 814 871 parter,
842 809 924 870 quae
947 788 1058 853 adiun-

59 875 177 956 gantur,
205 872 243 934 ut
269 872 385 936 scilicet
410 891 606 954 quamquam
633 873 783 954 quamuis
804 871 974 954 quamlibet
995 875 1059 938 aiei

61 958 107 1039 aa,
126 957 176 1022 uel
198 956 284 1039 quod
306 959 439 1040 propter
460 956 494 1020 in
539 977 706 1021 uassorum
728 955 970 1039 conpossitione
987 977 1059 1021 oon-

62 1041 236 1106 irnctatiuus
264 1039 377 1105 modus
407 978 610 1125 praecedenti
631 1041 809 1106 indicatiuo
833 1041 1003 1124 copulatur
1024 1046 1060 1107 ut

65 1134 117 1190 urm
134 1127 249 1193 uidem
286 1125 467 1190 infinitiuus
482 1127 593 1191 modus
605 1148 625 1190 a
639 1125 830 1209 quibusdam
847 1127 1097 1193 communica-10

65 1210 130 1274 tuus
153 1211 314 1274 uocitatur
343 1231 402 1294 pro
430 1231 467 1274 eo
496 1211 662 1295 uidelicet,
691 1210 774 1293 quod
800 1211 854 1274 uel
880 1211 1004 1276 nomini
1028 1215 1060 1275 et

65 1295 143 1360 uerbo
162 1296 216 1360 uel
237 1295 387 1358 omnibus
408 1296 555 1378 personis
570 1298 741 1360 uerborum
756 1297 961 1379 numerisque
976 1317 1058 1360 com·

65 1380 150 1444 munis
174 1380 343 1444 habeatur.
389 1381 451 1444 hoc
479 1402 556 1444 sane
582 1380 748 1445 sciendum
770 1381 856 1464 quod
878 1381 1059 1445 infinitiuus

66 1464 172 1547 modus,
201 1463 469 1548 quandocumque
495 1486 555 1548 pro
582 1465 712 1528 nomine
739 1465 933 1549 accipiatur,
961 1466 1060 1529 trium

65 1549 169 1612 tartum
196 1568 342 1613 oaasuum
371 1549 475 1613 uicem
499 1548 639 1634 expleat,
666 1550 859 1614 nominatiui
882 1550 1005 1614 scilicet
1027 1553 1060 1614 et
1074 1576 1097 1615 15

66 1632 235 1698 acussatiui
259 1632 469 1718 ablatiuique,
493 1634 577 1718 quod
600 1655 725 1718 semper
746 1656 804 1718 pro
827 1635 984 1699 neutralis
1005 1656 1059 1718 ge·

64 1719 131 1782 neris
155 1717 395 1804 significatione
420 1740 556 1784 numero
579 1719 745 1784 dumtaxat
766 1719 924 1802 singulari
945 1719 1060 1782 solebit

10 1854 13 1873 ‚
64 1803 181 1867 armiro.
210 1806 248 1867 ut
258 1805 365 1867 autem
376 1803 438 1867 hoo
448 1804 629 1868 euidentius
644 1806 764 1889 pateat,
781 1803 891 1865 demus
903 1801 1058 1885 exempla.

10 1940 12 1949 .
65 1883 271 1971 Cornelius,
299 1888 350 1950 uir
376 1889 411 1951 in
439 1887 541 1952 latina
566 1888 696 1972 loquela
722 1888 800 1951 satis
828 1886 996 1969 eloquens,
1025 1886 1060 1949 in

63 1972 182 2052 quadam
205 1971 341 2056 epistola
355 1970 395 2036 ad
416 1993 467 2035 me
482 1973 612 2052 †zandu
626 1973 709 2037 misa
724 1972 769 2036 sio
784 1970 889 2034 factus
912 1974 960 2034 est
983 1971 1060 2051 quid
1073 1997 1098 2036 ao

112 2147 135 2194 t.
151 2139 189 2206 cs.
208 2139 290 2194 auida
310 2138 470 2193 Secundum
482 2139 633 2209 Virgilium
646 2139 755 2193 duabus
773 2139 863 2192 causis
882 2139 985 2192 dicitur
996 2154 1060 2193 oon·

60 2204 185 2261 imctivua
198 2206 252 2260 uti
273 2206 397 2261 sedicit:
422 2207 623 2262 coniunctivus
635 2207 736 2260 modus
748 2237 781 2246 -—
795 2207 955 2261 coniunctas
966 2209 1061 2276 partos

58 2274 156 2340 quando
173 2304 209 2314 -
225 2223 272 2328 vel
287 2277 407 2344 propter
422 2275 452 2328 in
470 2291 599 2330 carorum
617 2275 853 2352 nonpossitionem
866 2275 1061 2330 coniunctivua

56 2342 143 2396 modus
160 2372 192 2381 -
211 2343 245 2395 ut
266 2356 318 2395 oon
340 2343 461 2397 videam.
511 2344 549 2400 it.
566 2341 722 2396 infinitivus
738 2372 771 2382 -
788 2342 888 2395 modus
910 2342 1061 2410 aquidum

55 2409 294 2463 communicativae
306 2438 338 2448 -
351 2410 398 2464 vel
407 2410 494 2464 verbo
507 2438 540 2449 —
553 2410 708 2464 communis
718 2440 750 2448 —
764 2410 839 2478 quod
853 2410 896 2463 est
906 2409 1061 2463 infinitivus

53 2477 140 2531 modus
158 2491 232 2545 quae
250 2493 357 2545 nunoq.;
375 2507 408 2518 -
424 2478 572 2531 nominum
589 2477 698 2531 sufficet
721 2478 750 2530 et
771 2476 962 2531 accusativum
985 2475 1060 2530 abla

52 2543 190 2613 licumque
209 2573 242 2583 -
261 2545 294 2597 ut
310 2544 364 2599 hoc
382 2545 478 2599 autem
496 2575 527 2586 —
547 2543 677 2613 exemplo
696 2543 835 2599 Comilius
848 2544 1061 2622 -loquella-

51 2611 178 2692 eloquens
196 2611 236 2666 rio
255 2612 345 2679 factus
364 2615 409 2667 eet
425 2641 458 2652 -
476 2613 513 2668 ad
530 2612 679 2682 pronomio
694 2613 734 2666 sic
752 2613 793 2666 ait
809 2614 890 2666 -in
909 2613 955 2667 dre
972 2610 1060 2667 estivo

49 2708 76 2720 —
95 2679 337 2736 iocundissimum.
375 2680 446 2735 item
493 2697 523 2735 ro
552 2683 635 2735 aeoso
653 2682 686 2733 ut
708 2680 819 2734 Hilarus
845 2681 934 2734 frater
955 2679 1061 2734 Lucani

49 2746 136 2818 legisti
154 2747 300 2802 assiduum
318 2748 424 2802 bellare
443 2750 472 2803 to
522 2748 660 2802 curriculo
678 2748 762 2802 vitae.

107 2907 122 2955 1
142 2900 236 2954 trinea
253 2900 281 2954 P
298 2901 308 2969 l
324 2907 340 2955 3
358 2900 527 2969 sed-ratio]
551 2899 698 2968 respondit
714 2899 768 2954 Brd
785 2899 820 2953 N
832 2900 842 2968 l
860 2905 875 2953 5
893 2899 992 2951 modus
1009 2911 1060 2949 om.

45 2999 75 3053 N
103 3007 119 3055 6
140 3000 201 3071 vel]
220 3000 343 3069 primum
361 3001 396 3055 N
403 3001 415 3071 ΙΙ
427 3001 649 3057 coniunctioium
666 3001 695 3054 P
728 2967 929 3054 coniunctionis
944 2997 1059 3062 (texe)

43 3066 73 3122 N
111 3084 187 3138 quae
208 3066 265 3122 adi.
282 3082 333 3127 om.
350 3068 385 3124 N
393 3070 432 3138 l⁸
450 3070 646 3137 quassatorum
663 3044 713 3136 Pl!
726 3062 917 3135 conpositione
930 3063 963 3118 N
973 3064 983 3131 ΙΙ
996 3077 1060 3116 con·
1135 3111 1138 3117 .

43 3168 182 3225 innam
200 3166 234 3221 a
245 3169 284 3236 qo
301 3168 425 3236 perdenti
442 3169 476 3224 Ν
487 3170 497 3238 q
510 3170 542 3222 ur
558 3184 610 3224 aa.
629 3169 679 3237 Ρη
694 3174 725 3222 10
740 3145 897 3232 austun
909 3165 1061 3242 commoni-

43 3239 147 3292 arvus
163 3238 197 3294 P
213 3237 224 3305 t
244 3240 275 3289 11
294 3235 434 3290 vocitatur
451 3237 472 3304 (i
488 3239 567 3306 corr.)
586 3235 620 3290 N
628 3235 763 3305 lnomine
782 3237 807 3297 (e
826 3246 895 3287 corr.
914 3247 947 3284 aa
963 3233 983 3296 i)
1002 3229 1036 3283 N
1045 3232 1059 3300 ΙΙ

44 3310 70 3359 12
78 3306 227 3375 omnibs'sss
239 3304 251 3372 l
264 3303 451 3357 commonicP
463 3305 473 3373 ΙΙ
487 3303 665 3359 rehabeatur
674 3301 830 3355 communis
839 3298 966 3353 Noctem
975 3313 1061 3375 usquc

42 3372 219 3430 accussatiuo
236 3370 349 3442 possuit
365 3371 462 3426 ocimu
475 3372 485 3440 ΙΙ
500 3377 530 3426 19
548 3370 680 3426 cornilius
697 3369 726 3423 P
737 3370 747 3436 l
760 3374 793 3422 20
805 3367 896 3420 zandu
909 3367 933 3433 (z
946 3380 980 3419 ea
991 3367 1012 3433 1)
1024 3366 1061 3433 Ρ,

41 3438 131 3498 heroo
153 3445 257 3496 tarsun
280 3436 422 3507 quondam
445 3455 483 3493 ou
499 3453 597 3494 nomeu
610 3437 759 3507 propriam
776 3432 979 3490 restituendum
996 3434 1033 3489 sit
1047 3434 1060 3503 Η

41 3506 137 3581 acus]
156 3510 179 3566 r.
200 3523 225 3576 q.
245 3505 331 3609 rpus.
