2354 3946
129 164 193 229 144
298 174 300 180 “
372 163 444 218 VIII.
479 160 703 218 cannatina
728 161 892 219 555014.

126 325 218 414 Ignis
241 331 279 390 ut
300 327 366 392 1515
388 325 453 390 mei
475 325 632 391 violentia
653 347 721 391 non
744 325 939 411 dominatur,

128 414 191 482 Sed
215 419 320 480 metus
345 414 481 500 effugiat
505 415 672 479 credentes
696 415 913 499 omnipotenti

57 520 109 571 525
129 504 344 589 Solvaturque
367 505 475 587 timor,
499 506 633 587 quassat
656 504 713 587 qui
736 503 881 589 corporis
905 507 1009 589 artus,

128 593 344 678 Martyriique
367 592 431 656 mei
454 591 599 677 spatium
622 591 751 656 differre
773 592 876 676 petivi

129 682 268 767 Propter
291 682 363 764 hoc,
385 685 423 746 ut
445 701 624 764 poenarum
647 681 748 744 timor
771 684 865 746 exeat
888 680 997 747 omnis

130 770 326 844 Credentum
350 770 388 834 de
411 769 599 852 pectoribus
623 770 791 853 patiantur
814 773 848 834 et
869 768 921 833 illi

128 860 296 925 Ridiculas
320 879 424 939 voces,
449 855 581 922 Christo
606 857 663 942 qui
686 857 814 922 credere
835 858 976 923 nolunt'

58 964 111 1014 530
129 947 206 1014 Non
228 947 305 1012 tulit
327 947 463 1011 ulterius
486 945 567 1012 haec
590 947 778 1029 importuna
801 949 969 1031 tyrannus,

129 1037 323 1121 Importuna
346 1035 424 1118 sibi,
445 1056 559 1100 verum
582 1035 710 1099 mellita
733 1034 901 1118 modestis,

127 1124 259 1189 Fortius
284 1144 321 1187 ac
346 1122 444 1186 solito
469 1122 677 1187 confunditur
701 1126 734 1187 et
755 1123 840 1187 nihil
863 1125 950 1189 ultra

127 1211 210 1284 Vult
233 1211 352 1294 audire,
376 1209 440 1274 sibi
462 1210 548 1293 quod
573 1211 702 1297 longius
726 1211 807 1276 utile
829 1211 897 1277 fiat.

128 1300 276 1366 Mutatus
299 1300 418 1377 vultus,
442 1320 524 1383 quae
548 1298 614 1364 sint
636 1300 832 1385 penetralia,
854 1300 983 1386 pandit;

59 1406 111 1457 535
129 1389 273 1476 Ingemit
296 1410 429 1453 exosam
452 1389 598 1472 tandem,
622 1388 785 1472 seducere,
804 1388 922 1474 vitam,
957 1423 959 1427 ·

132 1479 224 1557 Quod
247 1477 361 1562 nequit
384 1477 549 1563 exiguam,
572 1477 647 1542 dum
670 1478 812 1543 vincitur
834 1477 913 1563 ipse,
936 1479 1093 1562 puellam

130 1567 233 1645 Quem
257 1589 330 1632 cum
352 1566 512 1632 vidissent
534 1566 582 1631 ita
604 1565 774 1630 turbatum
798 1567 867 1630 eius
891 1566 1001 1650 amici,

91 1666 93 1674 '
130 1656 321 1722 Accelerare
344 1676 455 1720 necem
480 1655 589 1738 gladio
613 1686 657 1701 -ε-
680 1653 772 1720 furor
796 1675 886 1720 arma
909 1655 1080 1723 ministrat
1106 1686 1146 1706 a-

129 1744 335 1811 Mandarunt.
380 1743 451 1808 Iam
474 1747 603 1827 tempus
627 1746 710 1826 5555,
734 1764 797 1827 quo
821 1743 954 1809 victima
978 1744 1081 1831 digna

60 1848 112 1899 540
132 1833 219 1898 Ante
243 1834 337 1898 deum
359 1832 460 1896 ferret
484 1832 593 1896 meriti
616 1831 779 1915 spiramen
803 1831 920 1897 odoris.

131 1921 273 2008 Suscipit
297 1942 374 2005 ergo
399 1921 452 1985 dei·
473 1920 695 1986 memorabilis
718 1920 829 1985 hostia
851 1921 971 1986 vulnus

129 2010 236 2076 Ultro.
282 2008 371 2075 Sicut
395 2010 465 2074 ovis
488 2031 553 2074 non
577 2009 776 2074 contundens
800 2031 908 2093 neque
929 2009 1088 2096 clamans,

131 2099 184 2166 Sic
207 2099 331 2165 violata
353 2097 461 2162 ferens
483 2119 551 2162 non
574 2097 682 2163 fundit
706 2098 747 2162 ab
771 2119 826 2163 ore
850 2099 1009 2183 querelas.

131 2189 286 2252 Attamen
309 2187 410 2250 illatis
433 2207 500 2250 non
524 2189 573 2249 555
595 2208 658 2251 uox
682 2187 863 2272 intercepta

60 2293 112 2343 545
129 2275 269 2358 Ictibus3
292 2274 409 2337 orabat
429 2295 521 2356 nam,
545 2276 702 2356 quantum
726 2277 883 2360 temporis
906 2275 978 2359 ipsa

130 2362 229 2428 Utilis
253 2361 398 2426 adfectus
422 2361 529 2446 operis
552 2361 676 2427 fervere
701 2363 840 2429 videbat.

102 2466 105 2471 ’
129 2452 253 2517 Rursus
278 2451 319 2516 ad
343 2453 506 2516 astantem
529 2453 704 2536 spargebat
728 2456 825 2538 grata
848 2452 970 2518 labella

130 2540 274 2605 Turbam
296 2540 484 2625 praedicens
508 2544 646 2606 ventura
668 2563 748 2624 pace
771 2541 871 2626 potiri

130 2629 326 2712 Ecclesiam,
350 2652 432 2714 quae
455 2629 534 2695 trita
557 2631 613 2696 diu
636 2630 853 2714 miserumque
877 2631 1024 2714 dolebat,

60 2736 112 2787 550
130 2719 291 2803 Prospera
314 2719 444 2805 iamque
468 2720 545 2804 seri,
568 2719 675 2785 felicia
699 2720 806 2785 saecla
827 2718 960 2802 reverti,

132 2806 213 2874 Cum
236 2808 299 2872 Dio
323 2806 466 2891 pellatur
488 2806 655 2873 Cletianus
679 2808 720 2872 ab
745 2808 898 2873 omnibus
921 2811 1014 2872 extra

131 2895 268 2980 Sceptra
290 2895 353 2961 soli
376 2916 465 2959 mors
488 2898 522 2959 55
546 2895 690 2960 succidat
712 2895 956 2962 Maximianum.

131 2984 266 3051 Addidit
289 2987 322 3048 et
344 2982 515 3066 posthaec:
539 2982 599 3048 ‘Ut
620 2983 744 3048 habent
766 2983 919 3069 Agathan
942 2983 1147 3053 catanenses

131 3072 380 3138 Auxiliatricem
404 3071 482 3154 sibi,
505 3091 588 3153 quae
611 3071 729 3136 sortita
751 3093 926 3157 perennem

202 3250 254 3300 526
271 3243 471 3313 ‘Martiriique’
494 3243 643 3313 ‘spacium’
697 3251 747 3301 527
764 3245 921 3314 ‘penarum’
944 3247 1043 3302 ‘exiat’
1094 3254 1147 3306 528

133 3314 301 3386 ‘paciantur’
348 3319 400 3370 530
417 3314 591 3385 ‘inportuna’
635 3320 685 3370 531
701 3315 876 3385 ‘inportuna’
903 3335 904 3338 ¹
921 3323 973 3373 538
990 3318 1145 3377 ‘Accelorc’

131 3392 183 3442 543
196 3385 325 3442 ‘uiolata’
342 3402 378 3440 an
394 3385 559 3442 ‘aiolmto’t
609 3391 663 3441 544
678 3387 728 3440 ‘At
746 3389 853 3443 tamcn’
897 3395 948 3442 547
965 3389 1147 3447 ‘asstantcm’

132 3461 183 3510 548
205 3456 372 3526 ‘predicens'
436 3462 487 3512 549
508 3455 706 3513 ‘Aecclcsiam'
768 3464 821 3514 550
841 3459 921 3527 ‘seri'
943 3459 992 3530 [an
1013 3460 1148 3537 ε5555512]

132 3525 244 3582 ‘cecata’
302 3532 353 3582 551
375 3527 539 3583 ‘clecianns’
596 3533 648 3585 553
669 3530 744 3600 ‘post
762 3530 843 3585 haee’
867 3529 1076 3588 ‘cathanenscs’
