2354 3946
131 184 192 247 110
358 182 512 238 VlRGILII
528 182 696 238 MARONIS
713 181 921 238 EPISTOLAE.

130 336 243 401 debere
277 337 463 400 exhortatur
494 356 533 401 us
560 359 582 401 o
609 355 664 400 um
696 338 734 399 ut
762 336 867 400 doetus
897 336 987 401 docta
1014 337 1148 420 doctum,

129 421 243 485 deinde
265 421 300 485 in
322 441 354 486 ee
374 425 411 484 ut
428 420 543 502 furies,
567 419 680 483 deinde
695 419 730 482 in
744 439 782 484 os
796 422 832 482 ut
846 420 1008 498 uoluntate,
1032 421 1148 485 deinde

129 506 165 568 in
186 528 201 571 e
223 509 259 570 ut
286 526 383 571 omne.
426 505 573 588 opinioni
601 525 660 567 nos
689 504 816 568 eredere
843 507 988 586 oportet,
1016 509 1052 569 at
1081 528 1148 570 non

130 591 235 654 solum
263 589 337 653 huie
367 589 513 672 opinioni
544 588 716 670 eredimus,
747 609 859 652 uerum
893 589 992 652 etiam
1025 590 1061 653 in
1090 590 1148 654 has

90 693 103 731 s
130 675 255 739 easdem
278 675 418 758 syllabas
439 674 541 738 multa
564 693 683 757 genera
706 676 834 755 exeant,
863 673 946 737 siout
967 673 1003 736 in
1023 693 1064 738 us
1086 675 1148 738 duo

129 780 265 843 genera,
296 759 507 823 masculinum
535 762 566 822 et
593 761 742 822 neutrum
764 761 801 820 ut
822 776 955 822 moneas
977 760 1011 820 et
1031 759 1147 841 impura.

129 843 185 907 sed
200 864 316 928 graeoa
331 845 461 908 nomina
476 864 603 907 omnem
618 863 774 926 generum
789 841 984 925 syllabarum
999 844 1149 927 regulam

82 958 84 962 ·
130 931 351 1010 corruperunt.
1124 931 1129 941 '

213 1012 308 1075 Multi
332 1011 370 1075 de
392 1012 592 1074 nominatiuo
615 1030 690 1074 casu
711 1011 812 1074 multa
834 1010 989 1093 seribere;
1012 1011 1069 1075 sed
1086 1011 1149 1076 hoe

90 1115 115 1153 ιο
129 1096 213 1159 inter
242 1099 348 1159 cetera
368 1095 508 1158 maxime
529 1095 706 1177 requisisti,
736 1116 791 1159 our
812 1095 1025 1160 masculinum
1048 1099 1082 1159 et
1103 1096 1149 1160 fe·

126 1179 286 1243 mininum
308 1182 340 1242 et
362 1183 513 1243 neutrum
535 1179 662 1243 dicendi
685 1179 719 1242 in
742 1201 802 1243 usu
816 1177 981 1244 habemus.
1016 1179 1147 1262 quidam

126 1263 315 1346 simpliciter
337 1263 501 1344 dixerunt,
524 1264 610 1347 quod
633 1264 845 1328 masculinum
864 1264 928 1328 hoo
941 1284 1010 1327 esse
1025 1263 1146 1339 debuit,

125 1347 210 1432 quod
237 1349 412 1411 seeundum
440 1348 663 1412 habitudinem
691 1348 833 1431 eorporis
861 1347 1087 1413 ostenderetur
1115 1354 1147 1413 et

125 1433 171 1496 ita
192 1431 385 1497 femininum
407 1435 443 1496 ut
464 1433 519 1498 uir
541 1435 573 1497 et
595 1432 723 1513 mulier,
747 1437 861 1497 tauram
876 1434 908 1496 et
922 1452 1036 1511 uaooo,
1061 1435 1148 1498 ories

88 1535 112 1576 15
126 1520 159 1582 et
181 1518 263 1595 outo,
286 1519 376 1583 eoois
398 1520 431 1581 et
452 1521 523 1582 eota
547 1519 579 1580 et
600 1521 706 1582 cetera
720 1515 880 1580 animalia.
911 1537 1023 1580 omnes
1037 1520 1146 1582 autem

125 1623 176 1666 res
199 1601 381 1666 materiales
403 1604 439 1665 ut
461 1603 580 1685 lapides
602 1604 635 1665 et
657 1602 785 1668 arbores
807 1604 839 1664 et
861 1601 953 1683 siqua
968 1603 1046 1665 sunt
1060 1602 1147 1667 simi-

125 1686 186 1766 lia,
214 1687 376 1751 neutralia
403 1686 466 1750 diei
497 1686 616 1751 debere
644 1688 847 1751 censuerunt.
892 1684 966 1749 inde
995 1685 1146 1751 dicebant

125 1773 174 1837 tio
195 1774 249 1837 atr
272 1776 305 1836 et
325 1773 402 1838 boec
422 1771 535 1837 mulier
558 1774 590 1836 et
611 1772 667 1837 boo
688 1772 771 1853 lapis
793 1772 825 1833 et
845 1769 902 1834 too
924 1770 1021 1835 orbor
1043 1774 1077 1835 et
1090 1772 1147 1837 boe

126 1877 198 1922 reru
219 1860 253 1921 et
274 1858 330 1924 boo
345 1858 446 1940 ponis
468 1861 501 1921 et
521 1857 577 1921 boo
598 1857 707 1921 domas
729 1859 762 1919 et
782 1855 839 1919 boe
860 1873 985 1920 manas.
1028 1876 1145 1921 moneo

87 1955 112 1995 20
125 1941 233 2025 itaque
255 1945 303 2020 te,
327 1962 347 2007 ο
369 1941 469 2006 frater
484 1941 663 2024 carissime,
686 1944 723 2004 ut
738 1938 885 2023 quamuis
900 1960 968 2003 non
983 1939 1045 2003 hae
1059 1962 1146 2005 nune

124 2026 356 2089 consuetudine
383 2024 554 2090 scribendi
573 2029 715 2105 utamur,
742 2029 852 2088 tamen
879 2023 954 2106 quia
982 2024 1045 2088 hoe
1067 2028 1146 2108 aput

124 2113 248 2172 ueteres
280 2130 340 2192 pro
373 2114 461 2173 reoto
494 2109 667 2186 habeatur,
706 2108 810 2192 siquid
842 2107 926 2172 forte
959 2107 1144 2174 huiusmodi

123 2193 278 2274 scriptum
300 2192 499 2275 repperieris,
523 2193 598 2256 lieet
619 2214 685 2256 non
707 2194 747 2257 ad
769 2192 984 2256 indubitatam
1006 2193 1144 2258 auetori-

122 2280 223 2340 tatem
245 2275 457 2339 refferendum
478 2280 586 2359 putes,
608 2279 719 2341 tamen
741 2276 824 2360 quod
840 2298 859 2341 a
874 2276 1037 2341 ueteribus
1052 2298 1144 2342 usur·

85 2377 111 2416 2⁶
123 2363 234 2443 patum
262 2365 324 2438 est,
352 2360 585 2442 reprehendere
613 2363 745 2425 omnino
771 2382 837 2426 non
865 2360 972 2425 debes.
1018 2382 1142 2426 uerum-

123 2450 231 2509 tamen
253 2443 331 2508 haee
354 2447 416 2508 tria
438 2465 557 2528 genera
582 2450 715 2528 propter
735 2443 960 2510 discretionem
979 2446 1142 2530 quandam

190 2635 213 2683 9.
232 2630 289 2684 Ara
305 2645 352 2686 aa.
363 2629 450 2683 Bere.
463 2632 509 2696 82,
521 2632 571 2684 27:
594 2629 729 2699 Virgilius
747 2629 881 2683 Assianus
899 2628 972 2682 dixit
989 2630 1026 2684 ad
1038 2630 1141 2684 Iulium

122 2696 283 2750 diaconem:
305 2697 359 2750 hoe
381 2697 457 2751 inter
479 2699 574 2751 cetera
595 2699 717 2751 maxime
739 2695 890 2765 requeeisti
908 2726 941 2735 -
959 2699 1094 2751 neutrum
1111 2698 1142 2752 in

122 2793 153 2804 -
171 2763 326 2818 habeamus
344 2794 378 2804 —
394 2765 580 2819 masculinum
597 2765 650 2819 hoo
668 2800 700 2810 -
718 2780 789 2818 vaca
806 2794 839 2804 —
857 2763 928 2818 eada
940 2794 974 2804 —
985 2765 1141 2821 matirialee

122 2863 153 2872 -
171 2832 388 2886 neutraliter-
406 2832 481 2887 unde
499 2862 534 2872 -
550 2848 657 2890 manus.
757 2838 796 2887 15.
814 2831 885 2888 Eae.
902 2833 988 2887 Beroe.
1006 2835 1073 2900 192,
1091 2837 1140 2888 29:

122 2899 219 2956 Omnis
236 2903 331 2954 autem
343 2930 376 2940 -
387 2900 555 2955 neutraliter
568 2930 600 2939 -
613 2900 687 2954 unde
699 2931 733 2940 -
745 2902 838 2954 manio
857 2905 968 2966 (moneo
981 2916 1053 2956 corr.
1064 2918 1099 2960 m.
1111 2904 1140 2968 2)

121 3001 155 3010 —
172 2970 201 3023 te
219 2969 307 3023 frater
325 3008 331 3021 .
351 3012 357 3024 .
376 2983 432 3022 non
450 2968 503 3021 hae
521 2984 578 3022 non
597 3007 603 3020 .
623 3007 630 3020 .
648 2967 754 3022 utimur
775 3013 780 3023 ,
801 3009 807 3021 .
827 3012 833 3024 .
853 2968 928 3037 apud
947 3014 954 3027 .
975 3010 981 3023 .
1001 3011 1008 3026 .
1027 3006 1033 3022 .
1051 2969 1140 3023 habe-

122 3037 205 3092 batur
232 3036 309 3105 sedq;
333 3035 406 3090 forte
430 3078 436 3091 .
456 3075 462 3089 .
482 3081 488 3093 .
512 3037 652 3104 repereris
677 3078 682 3090 .
703 3077 709 3090 .
731 3083 737 3095 .
757 3082 763 3094 .
786 3036 964 3091 referendum
991 3074 1049 3094 ...
1072 3035 1140 3104 quia

120 3105 265 3159 veteribus
284 3148 289 3160 .
311 3143 317 3157 .
338 3149 345 3163 .
363 3120 420 3157 non
438 3102 524 3157 debes
542 3103 664 3162 omnino.

188 3279 203 3326 3
221 3273 251 3326 in
269 3275 297 3343 e]
317 3271 347 3345 in
365 3289 393 3340 as
409 3272 444 3326 N
456 3274 466 3341 ΙΙ
484 3271 616 3341 opinione
634 3271 669 3326 N
681 3275 691 3341 11
709 3276 741 3328 ut
757 3274 790 3328 N
800 3275 844 3391 'ii
856 3273 955 3340 etiam]
975 3271 1052 3349 quod¹
1070 3271 1136 3326 add.

119 3340 184 3394 Mai
201 3341 210 3408 ΙΙ
229 3347 245 3394 5
263 3342 366 3396 multas
384 3340 419 3396 N
432 3356 500 3396 corr.
518 3340 582 3395 Mai
598 3341 636 3409 119
655 3341 749 3410 multi]
768 3355 846 3393 nour
863 3340 987 3408 Hortelll
1000 3337 1135 3406 sonbere]

118 3407 183 3471 fort.
206 3408 341 3462 soribsere
359 3410 368 3476 ΙΙ
388 3416 418 3462 12
441 3424 510 3477 quos
532 3408 567 3462 N
586 3423 654 3463 corr.
673 3409 734 3461 Mai
750 3409 760 3474 ΙΙ
779 3412 809 3459 17
832 3404 950 3460 deberet
967 3407 1010 3476 N,
1034 3406 1138 3461 debere

120 3487 188 3531 oorr.
207 3474 272 3527 Mai
284 3476 294 3542 ΙΙ
307 3482 340 3529 26
358 3476 509 3543 quendam.
