2354 3946
214 172 251 229 IL
272 172 533 229 msunnnron
544 172 936 229 MONTEPESSULANUM.·
1039 175 1078 240 97

66 348 127 391 esse
155 325 373 391 differentiam
400 326 579 393 adfirmant.
618 327 754 411 prelium
783 328 868 391 enim
891 327 1023 391 nonnisi
1045 327 1078 390 in

84 411 181 476 roelio
201 410 265 476 hoc
288 414 339 475 est
359 411 394 475 in
416 412 533 496 pelago
554 412 638 477 effici
652 415 769 495 potest.
801 413 886 496 quod
901 412 973 475 ideo
988 433 1080 495 prae·

62 432 133 560 lium
155 496 346 560 nominatur
361 517 457 579 quam
471 518 548 580 prae
565 498 681 560 ceteris
697 497 863 560 clementis
879 496 1015 580 quadam
1031 496 1079 559 in·

62 580 228 644 mensitate
250 579 440 645 inundando
463 581 560 644 etiam
583 584 616 645 et
638 581 828 644 denudando
851 582 1009 665 quendam
1026 579 1078 643 ad-

61 664 240 729 mirationis
261 663 442 749 praelatum
464 665 594 729 habent.
629 664 749 729 bellum
772 670 879 729 autem
895 665 1027 730 nonnisi
1043 664 1077 727 in
1103 683 1115 724 s

61 748 144 813 belso
172 748 236 814 hoc
263 754 314 814 est
341 750 377 812 in
405 768 518 832 campo
547 749 664 833 agitur.
701 749 825 813 belsum
848 752 933 814 enim
956 750 997 814 ab
1018 748 1079 813 hoc

60 832 189 913 dicitur,
214 832 300 917 quod
322 833 414 898 belsa
435 833 575 916 plurima
597 855 679 918 quae
695 838 771 898 sunt
785 835 932 918 gramina
946 834 1078 916 profert.

60 922 222 983 certamen
244 922 350 981 autem
374 940 393 981 a
416 921 503 981 certo
525 918 596 982 loco
618 916 681 982 hoc
704 922 753 983 est
775 919 977 1002 receptaculo
993 939 1078 981 exer-

60 1004 140 1066 citus
169 1002 339 1066 diriuatur.
377 1023 489 1085 pugna
516 1002 726 1067 iaculationes
750 1025 822 1067 suas
844 1003 981 1087 pugilles
1006 1023 1078 1066 suos

58 1088 226 1170 utrobique
255 1086 394 1171 pugines
422 1087 551 1151 iectant.
590 1087 700 1151 dicunt
729 1089 823 1152 etiam
847 1087 931 1171 quod
954 1088 1016 1152 alia
1038 1088 1080 1150 sit
1093 1106 1118 1145 ιο

59 1171 147 1254 plebs
171 1170 255 1235 alius
276 1170 421 1255 populus.
459 1171 550 1254 plebs
574 1172 661 1235 euim
682 1171 762 1236 haec
784 1173 862 1251 erit,
892 1194 952 1256 que
975 1172 1079 1256 plenis

59 1256 144 1340 agris
173 1255 388 1338 domibusque
416 1255 504 1319 omni
531 1256 710 1320 substantia
734 1256 916 1320 redundans
938 1279 996 1341 per
1017 1256 1079 1319 hoc

60 1360 116 1404 nee
137 1340 217 1405 belli
239 1341 392 1423 peruicax
413 1361 473 1404 nec
495 1340 640 1405 doctrine
664 1344 767 1405 exstat
782 1341 904 1405 efficax.
942 1341 1079 1425 populus

60 1430 163 1489 sutem
187 1446 228 1488 ex
249 1445 335 1508 pope
357 1427 419 1488 hoc
442 1427 491 1489 est
513 1447 552 1489 ex
574 1425 762 1489 fortitudine
786 1427 837 1489 uel
859 1448 1012 1490 manuum
1028 1425 1079 1489 uel

60 1530 210 1573 sensuum
233 1511 280 1573 sic
302 1508 493 1592 appellatur.
531 1510 616 1573 unde
631 1509 883 1574 Honoratum
906 1509 1078 1593 reprehen·
1092 1527 1117 1566 1⁵

59 1592 163 1658 dimus
186 1593 399 1678 gramaticum
421 1594 475 1676 qui
499 1594 587 1670 canit
609 1595 712 1678 ‘plebs
732 1595 767 1658 in
783 1595 866 1658 bello
882 1598 1079 1679 congregata

59 1684 117 1742 est'
141 1682 176 1742 et
199 1677 264 1741 alio
286 1677 358 1741 loco
375 1684 480 1742 ‘uerus
495 1679 602 1761 inquit
615 1685 734 1762 poeta',
758 1680 803 1742 sic
819 1680 873 1741 ait.
907 1677 969 1741 hoc
984 1700 1079 1760 quam

59 1762 155 1826 stulte
176 1761 304 1826 loeutus
328 1765 394 1844 est,
419 1783 490 1826 cum
512 1762 575 1827 hoc
591 1762 695 1828 dicere
711 1763 821 1826 debuit
836 1767 944 1825 ‘uerax
960 1765 1078 1844 poeta',

58 1867 152 1911 uerus
173 1847 261 1911 enirn
277 1846 318 1909 ad
333 1849 466 1911 natiuae
480 1850 609 1910 tantum
623 1849 791 1911 ueritatem
806 1846 960 1928 refertur3
982 1867 1079 1910 uerax

60 1938 163 1996 autem
188 1930 306 1995 dicitur
328 1931 384 2014 qui
405 1952 605 2015 nequaquam
621 1933 784 1996 mentitur.
820 1933 1022 2014 consumptio
1038 1929 1079 1993 ad
1092 1949 1118 1989 ιο

59 2014 289 2088 defectionem,
318 2019 550 2079 consummatio
579 2038 656 2080 uero
686 2016 726 2079 ad
753 2016 983 2098 perfectionem
1008 2037 1079 2099 per·

59 2101 151 2165 tinet.
189 2098 252 2164 EX
272 2098 470 2164 ΕΡΙΤΟΜΑ
492 2099 558 2164 IIII
573 2105 606 2164 et
622 2100 660 2165 V.
699 2100 845 2164 Tenebra
868 2121 939 2165 cum
963 2100 1080 2165 dicitur

59 2184 218 2268 quaedam
245 2184 280 2247 in
309 2184 360 2248 die
388 2184 518 2331 ferrugo
540 2185 573 2248 id
596 2189 646 2249 est
668 2184 773 2268 caligo
796 2188 951 2269 accipitur
974 2190 1007 2250 et
1029 2208 1080 2250 ex-

59 2276 152 2355 cepto
175 2269 360 2332 accusatiuo
389 2269 484 2353 singu
497 2270 544 2332 ari
565 2290 623 2351 per
644 2291 754 2334 omnes
778 2291 867 2334 casus
890 2270 1078 2339 declinatur.

58 2360 90 2417 st
116 2353 273 2419 tenebrae
295 2352 482 2417 densissime
505 2353 839 2438 prot'undissimaeque
860 2357 1004 2420 noctium
1026 2356 1079 2418 ob·
1093 2371 1117 2411 2⁵

58 2438 229 2503 maritatus
251 2440 336 2501 sunt.
376 2437 424 2501 sol
446 2438 481 2502 in
504 2442 639 2521 utroque
661 2461 795 2503 numero
817 2439 902 2503 flecti
925 2461 992 2504 non
1007 2460 1080 2522 pro·

58 2520 190 2589 lnbetnr
217 2522 273 2586 sed
296 2521 454 2619 singmlari
475 2544 609 2587 numero
631 2523 680 2587 sol
701 2525 807 2607 ipsum
829 2523 986 2589 luminare
1009 2525 1078 2606 erit,

58 2612 90 2672 at
111 2607 199 2673 soles
221 2607 310 2690 ipsos
332 2607 400 2670 dies
422 2608 641 2687 nominamus,
665 2608 700 2671 in
719 2608 834 2692 quibus
850 2608 898 2672 sol
912 2611 1017 2673 totum
1032 2609 1080 2672 in·

57 2690 201 2757 luminat
226 2691 346 2774 polum.
390 2692 538 2756 nonnulli
565 2694 674 2756 tamen
698 2696 821 2756 ueteres
842 2693 914 2776 ipsa
937 2694 1079 2758 carmina

57 2776 141 2841 soles
163 2775 374 2841 nominauere
395 2776 479 2840 sicut
493 2776 659 2842 Oratius
682 2777 716 2840 in
739 2778 899 2861 principio
915 2779 1079 2842 cuiusdam
1093 2795 1118 2832 ιο

57 2860 237 2927 uoluminis
259 2860 367 2925 taliter
389 2882 518 2925 exorsus
534 2865 600 2926 est:
623 2861 706 2925 soles
721 2884 810 2927 meos
826 2864 913 2925 omni
929 2862 1080 2926 eeclesiae

56 2950 185 3011 uestrae
209 2942 406 3010 commendo.
445 2951 522 3010 sunt
535 2948 636 3010 multa
649 2948 781 3011 nomina
798 2967 878 3030 quae
895 2946 1013 3027 duplici
1028 2944 1080 3005 de·

57 3030 234 3097 clinatione
257 3030 402 3114 gaudent
422 3033 459 3093 ut
478 3032 629 3095 materies
644 3033 792 3114 materia,
815 3031 986 3110 temperies
999 3031 1079 3090 tem·

158 3116 222 3198 tia,
245 3113 392 3179 caluities
407 3114 537 3179 caluitia
553 3116 735 3197 comitium,
758 3113 912 3197 segnities
928 3111 1076 3195 segnitia,

57 3136 195 3267 ιῖίιιιιοε
218 3199 359 3277 laetitia,
388 3198 514 3281 requies
542 3201 666 3284 requie,
694 3201 792 3262 facies
814 3196 905 3259 facia.
951 3195 1006 3260 sed
1028 3195 1079 3258 his
1092 3208 1118 3250 8⁶

58 3286 157 3351 multa
187 3284 346 3349 distantia
374 3285 432 3347 est.
470 3285 610 3368 segnitia
638 3283 785 3367 frigoris,
814 3280 951 3344 laetitios
980 3279 1079 3342 subiti

58 3368 203 3437 beneficii
225 3374 292 3453 est3
321 3368 445 3432 laetitia
466 3367 649 3447 familiaris,
672 3367 795 3449 requies
818 3386 837 3429 a
859 3364 967 3429 labore
989 3364 1080 3428 refri-

58 3458 132 3539 gerii
154 3460 220 3538 est,
253 3453 370 3539 requia
393 3453 570 3517 ociositatis
593 3458 657 3533 est,
686 3451 783 3515 facies
805 3452 875 3535 ipsa
896 3450 1080 3533 superficies

102 3568 177 3621 virgil
191 3568 228 3611 ed,
242 3570 359 3610 Haemon.
862 3556 876 3605 l
