2354 3946
382 202 428 259 VL
457 203 545 258 VITA
565 203 591 258 S.
607 202 780 259 CASSIANI.
1046 203 1087 267 ‚71

78 367 264 454 Spargebat
286 387 385 450 gazas
408 366 522 431 indens
546 367 742 432 caelestibus
765 366 850 450 illas,

78 457 148 533 Quo
171 456 334 541 potiretur
357 455 403 518 eis
427 456 590 520 resolutus
615 476 741 520 carcere
765 456 882 520 carnis.

79 545 193 611 Clarus
218 549 290 609 erat
312 543 419 628 vultu,
443 544 499 608 sed
522 548 617 608 tanto
641 543 760 608 clarior
783 547 871 627 actu,
1108 567 1172 608 2001

78 633 219 717 Eloquio
243 632 356 714 dulcis,
379 631 496 697 habitu
520 653 699 718 gressuque
723 632 839 715 suavis,

10 742 58 791 180
78 722 142 787 Ore
166 721 295 806 quidem
318 720 439 785 nitidus
463 742 654 805 semperque
678 721 713 786 in
735 724 844 785 mente
867 742 1010 786 serenus.

79 812 265 894 Exsuperas
288 808 385 894 plane
408 809 563 895 fingentis
586 810 655 874 lata
677 813 807 893 poetae3

78 900 223 984 Impetus
248 903 395 963 actorum
419 919 527 962 meum
549 898 649 963 vincit
671 897 767 963 valde
790 901 931 963 tuorum

77 988 229 1072 laquem,
254 987 340 1072 quod
362 986 469 1069 vale03
492 987 605 1052 laudes
628 986 691 1051 tibi
713 986 799 1051 ferre
821 987 971 1072 nequibo.

77 1076 176 1160 Heus,
201 1075 325 1140 athleta
349 1075 414 1158 dei,
437 1076 548 1159 vigeas
571 1079 607 1140 in
629 1075 769 1140 culmine
793 1075 872 1160 divi,

10 1183 57 1233 les
78 1164 204 1229 Gaudia
227 1186 300 1229 cum
324 1163 446 1230 sanctis
469 1163 592 1229 habeas
615 1185 673 1248 per
694 1185 815 1248 pascua
837 1165 941 1250 pacis!

112 1388 125 1411 f
189 1355 231 1410 De
250 1354 379 1410 Ecclesia
397 1355 426 1408 in
444 1355 550 1410 honore
569 1355 660 1410 sancti
677 1346 822 1410 Laurentii
840 1350 980 1412 dedicas.

76 1465 227 1549 Denique
249 1464 421 1530 delubrum
445 1465 564 1530 struxit
586 1464 736 1529 mirabile
760 1465 849 1530 dictu

77 1554 251 1620 Moenibus
275 1553 458 1636 Hortensis,
480 1553 577 1618 rebus
601 1552 739 1617 sublime
763 1553 920 1636 secundis,

77 1642 235 1727 Quodque
258 1641 449 1707 necessariis
474 1643 576 1726 eguit,
600 1643 654 1725 pia
677 1641 762 1706 dona
784 1641 983 1707 ministrans.

77 1731 183 1814 Ipsius
207 1731 336 1796 eulmen
359 1752 432 1795 cum
455 1730 656 1813 pervenisset
679 1730 719 1794 ad
743 1750 885 1815 unguem

9 1838 57 1887 190
77 1820 123 1885 Et
145 1840 211 1884 nox
233 1825 306 1885 atra
328 1820 441 1905 polum
465 1819 551 1904 bigis
575 1818 731 1883 subvecta
754 1821 880 1882 teneret

77 1908 196 1974 Pastor
219 1911 252 1972 et
275 1909 310 1972 in
331 1908 437 1973 fulcro
461 1908 565 1972 fessos
589 1910 797 1992 componeret
821 1911 911 1972 artus

75 1995 214 2082 Serpere
237 1997 318 2061 dans
342 2018 448 2061 seram
471 1996 587 2061 leviter
609 2018 668 2080 per
690 1997 837 2060 membra
859 1996 1013 2080 quietem,

76 2085 159 2150 Visa
181 2084 245 2149 fuit
268 2085 359 2150 eaelo
381 2085 482 2150 facies
505 2084 644 2149 dilabier
667 2083 735 2148 alto

77 2175 246 2239 Laurentii
269 2174 364 2237 testis
387 2194 546 2257 vocesque
570 2173 733 2238 effundere
756 2172 847 2237 talis:

9 2279 58 2329 rec
77 2262 231 2346 ‘Imperio
255 2262 360 2347 patris
382 2260 447 2326 huc
469 2260 574 2344 veni0‚
596 2261 742 2326 Dionaeo
765 2260 925 2345 sacerdos,

77 2350 140 2427 Qui
162 2355 195 2416 te
217 2349 397 2414 Ierusalem
420 2349 552 2434 scripsit
575 2371 731 2436 magnum
753 2349 825 2415 fore
848 2351 965 2416 civem:

76 2439 148 2505 Hoc
171 2439 332 2523 siquidem
354 2438 529 2522 templum,
552 2438 669 2504 sollers
691 2439 777 2524 quod
800 2439 951 2522 praeclue
970 2437 1091 2504 dudum

76 2527 241 2592 Marmore
264 2526 390 2591 finxisti
412 2527 514 2611 <fini>
538 2527 738 2614 pulchroque
760 2527 881 2609 tulisti,

76 2615 218 2681 Nomine
241 2614 410 2680 Laurentii
433 2621 579 2680 sacretur
601 2614 725 2680 honore
748 2613 903 2700 perenni?

10 2719 59 2769 800
78 2704 168 2769 Haec
190 2704 238 2768 ait
261 2708 294 2769 et
317 2703 432 2769 sudum
455 2707 582 2786 martyr
604 2703 762 2769 remeavit
784 2701 969 2788 Olympum.

77 2792 141 2857 Ast
163 2795 279 2877 pastor
302 2794 452 2856 strenuus
475 2795 570 2856 tanto
594 2792 633 2857 de
655 2791 778 2856 famine
802 2795 909 2856 cartus

76 2881 134 2945 Nil
157 2880 305 2946 titubans
328 2880 427 2945 iussis
451 2880 658 2965 obtemperat
680 2879 770 2944 ilicet
792 2878 882 2944 istis:

149 3147 240 3198 1781ι
260 3142 452 3197 ‘coelestibus’
518 3147 570 3197 180
588 3147 605 3194 0
626 3141 765 3196 ‘seuenus’
785 3140 862 3210 prius
882 3159 901 3195 u
918 3140 1043 3195 delatum
1061 3141 1091 3196 et

77 3231 91 3267 r
109 3229 246 3284 superscr.
293 3212 559 3284 1810‘Exuperas'
579 3210 772 3282 r‘turpeatis'
821 3216 872 3266 183
890 3216 912 3264 r
927 3211 980 3266 ‘Ia
996 3228 1090 3295 qaam-

76 3285 170 3354 qucm’
185 3285 216 3340 in
233 3284 361 3366 margine
376 3284 533 3355 ‘quantam'
582 3288 635 3339 184
649 3290 666 3336 0
682 3281 815 3337 ‘chaleta’
829 3313 861 3322 -
877 3281 1044 3338 ‘Accolesra'
1056 3311 1090 3344 -,-

78 3360 129 3411 187
149 3361 167 3408 0
187 3355 330 3411 ‘ortensrs'
349 3360 372 3408 r
392 3354 543 3412 ‘Ortensis'
601 3359 652 3410 188
671 3358 714 3406 02
734 3352 812 3423 ‘cpit'
869 3358 920 3408 198
940 3351 1088 3408 c‘caelcs'
1171 3420 1173 3427 Ι

77 3425 235 3482 edeletum
293 3427 533 3496 1840811801άέ
591 3431 642 3480 180
661 3430 679 3477 0
699 3423 822 3479 ‘dionae’
881 3429 931 3479 188
950 3430 968 3477 0
988 3421 1092 3478 ‘hieru-

77 3497 176 3552 salem'
230 3502 282 3552 187
299 3503 316 3550 0
332 3497 468 3566 ‘preclua’
521 3502 572 3552 188
587 3502 632 3550 cr
647 3495 767 3564 ‘tacisti
783 3494 959 3568 paahroqac’
974 3493 1092 3551 verbum

77 3567 182 3624 excidit
240 3572 294 3623 800
312 3574 330 3621 0
350 3568 519 3640 ‘olympum'
538 3567 559 3622 h
578 3583 713 3638 superscr.
771 3571 823 3622 881
843 3572 865 3620 r
884 3565 945 3624 ‘At'
