2422 3976
138 185 198 249 156
363 183 518 238 VIRGILII
535 182 702 239 nunonis
720 182 928 240 EPISTOLAE.

439 369 495 434 IV.
530 368 589 434 Du
612 368 851 435 ADUERBIO.

221 505 334 570 Omnis
361 505 439 568 urbs
469 504 595 568 munita
623 507 656 568 et
684 504 790 568 cincta
812 505 899 569 ciues
920 504 1066 569 hostibus
1088 527 1158 571 non

135 589 254 653 tradat:
287 590 334 654 ita
365 589 518 654 historica
550 589 708 672 expositio
743 588 769 653 si
796 594 883 654 recte
911 610 948 653 ac
965 586 1158 656 ·ratabunde

57 751 60 756 ι
136 674 234 737 fuerit
261 673 440 757 perordita,
469 673 588 738 nullius
610 673 870 757 reprehensionis
891 673 999 738 locum
1021 673 1160 740 ulterius

136 757 276 822 habebit.
312 757 398 822 unde
420 779 479 823 nos
502 757 647 822 doctores
661 760 795 822 monent
809 762 846 822 ut
860 779 972 822 omnes
987 760 1072 823 artes
1086 781 1155 824 non

111 843 239 907 asolum
267 841 476 926 principales,
503 864 615 906 uerum
643 842 738 906 etiam
766 842 942 907 mediocres
965 844 1063 926 atque
1085 843 1160 908 offi-

137 927 234 991 ciales
256 931 344 990 recte
365 928 399 990 in
420 925 522 1009 prosis
545 929 737 991 statuantur.
771 929 903 1010 propter
925 927 1011 1010 quod
1033 930 1066 992 et
1080 949 1154 1012 ege,

137 1013 212 1093 quia
232 1011 293 1074 tibi
315 1011 354 1074 de
376 1011 508 1074 nomine
530 1032 566 1074 ac
588 1010 778 1094 pronomine
799 1012 960 1095 uerboque
980 1011 1161 1078 breuiarias

137 1095 354 1179 expositiones
376 1115 433 1177 per
455 1093 607 1177 epistolas
629 1095 863 1174 intimauerim,
886 1096 1054 1160 inferiores
1077 1118 1155 1180 quo-

137 1200 198 1261 que
227 1183 336 1262 partes
363 1178 563 1242 breuioribus
593 1179 722 1262 quidem
754 1178 810 1243 sed
842 1180 981 1263 propriis
1011 1181 1160 1264 epistolis

99 1297 123 1336 10
137 1262 330 1345 ecplanabo,
360 1263 548 1347 praesertim
576 1284 648 1328 cum
676 1264 823 1346 epitomis
851 1264 890 1328 de
918 1263 984 1328 1111
1011 1267 1157 1348 partibus

136 1361 236 1410 unum
268 1347 331 1411 feci
361 1348 565 1430 opusculum,
604 1369 685 1431 quae
716 1348 862 1412 residuae
891 1353 968 1413 sunt
1003 1349 1161 1415 aduerbio

137 1431 260 1495 scilicet
281 1432 453 1515 participio
476 1432 704 1496 coniunctione
727 1440 759 1496 et
780 1432 1025 1517 praepositione.
1058 1433 1110 1498 his
1129 1435 1159 1499 si

136 1517 284 1599 proprias
305 1515 447 1580 habeant
468 1516 635 1599 epistolas,
663 1516 761 1600 paulo
785 1518 881 1582 latius
904 1517 1024 1600 aliquid
1046 1518 1160 1603 legen-

135 1599 223 1665 tibus
246 1600 429 1665 oonferatur
450 1601 490 1664 ad
512 1621 649 1668 sensum.

100 1719 124 1759 15
221 1685 418 1749 Aduerbium
456 1706 534 1750 ero
571 1689 685 1768 quarta
721 1684 876 1749 orationis
911 1685 1069 1768 particula
1098 1690 1161 1768 cst,

137 1791 217 1853 quae
240 1770 316 1854 quia
338 1769 437 1834 uerbo
456 1707 603 1850 adlmret,
626 1768 813 1833 aduerbium
827 1773 1049 1854 nuncupatur,
1072 1771 1161 1836 siout

136 1875 315 1937 pronomen
343 1877 382 1918 ex
410 1854 552 1919 nominis
579 1853 802 1918 communione
830 1859 974 1918 uocatur.
1012 1855 1068 1919 sed
1091 1854 1157 1920 hiic

137 1939 280 2021 quaestio
308 1937 459 2003 adcurrit.
502 1940 586 2003 forte
617 1938 704 2002 enim
732 1937 847 2020 aliquis
877 1938 1037 2022 inquirat,
1071 1939 1157 2023 quod

137 2044 203 2086 non
226 2022 338 2088 dubito
355 2028 560 2102 euenturum,
584 2023 612 2086 si
626 2026 795 2106 propterea
809 2020 997 2087 aduerbium
1011 2028 1159 2103 uocatur,

99 2139 124 2178 20
138 2108 212 2190 quia
234 2107 332 2171 uerbo
353 2128 479 2190 semper
500 2106 700 2190 adiungitur,
723 2127 786 2190 quo
809 2107 941 2171 nomine
956 2108 1160 2173 uocabuntur

137 2189 288 2254 aduerbia
310 2190 509 2273 conparandi
530 2190 583 2255 uel
605 2191 768 2273 qualitatis
791 2194 824 2255 et
844 2191 1050 2275 quantitatis,
1074 2214 1159 2276 quae

137 2295 381 2357 nonnumquam
402 2295 469 2338 non
491 2274 590 2339 uerbo
612 2279 740 2338 tantum
763 2276 818 2339 sed
841 2276 912 2340 aliis
933 2278 1080 2359 partibus
1103 2277 1157 2342 ad·

137 2357 341 2443 iunguntur?
380 2357 515 2423 dicimus
547 2358 633 2423 enim
666 2380 786 2443 mupnu
817 2361 910 2426 ualde
936 2362 1024 2426 uenit
1050 2363 1155 2430 turbu.

208 2599 239 2647 15
261 2591 393 2660 Excerpt.
412 2592 496 2647 Berc.
516 2608 546 2661 p.
565 2598 629 2659 199,
657 2597 692 2649 16
715 2597 740 2649 et
760 2593 842 2649 Laid.
863 2594 885 2660 f.
905 2599 952 2651 79:
980 2594 1157 2650 Adverbium

137 2664 181 2713 est
203 2661 305 2728 quarta
325 2690 355 2699 -
372 2662 564 2729 nuncupatur;
588 2660 637 2715 sed
659 2661 705 2716 hio
723 2661 851 2729 quaestio
870 2662 1008 2729 adcurrit,
1031 2679 1088 2732 quo
1106 2680 1155 2718 no-

136 2727 215 2781 mine
231 2727 406 2782 vocabuntur
424 2727 559 2783 adverbia
575 2729 783 2797 conparationis
795 2729 842 2782 vel
855 2729 999 2796 qualitatis
1012 2730 1057 2784 vel
1069 2747 1156 2798 quan·

136 2795 241 2859 utatis,
265 2811 337 2863 quae
361 2812 417 2849 non
439 2796 525 2850 verbo
547 2797 660 2850 tantum
682 2795 732 2850 sed
750 2826 781 2835 -
805 2797 903 2864 turba,
927 2797 1046 2851 dicimus
1068 2798 1156 2852 etiam

136 2863 196 2916 tam
219 2863 301 2917 docte
319 2865 378 2916 tam
397 2893 428 2901 -
448 2865 477 2917 et
498 2863 529 2915 hi
546 2865 692 2932 -partes
713 2866 864 2918 numerant
885 2880 972 2918 unam
994 2867 1092 2934 (unum
1117 2866 1155 2932 L)

136 2932 269 2984 vocantes
287 2931 379 2999 prisco
397 2931 511 2984 nominc
530 2929 711 2996 adverbium,
730 2931 807 2999 quod
825 2934 865 2999 (ης
878 2931 915 3000 L)
928 2932 1047 2986 adheret
1058 2933 1155 2999 verbo,

136 2997 255 3052 alteram
278 2997 485 3067 expressos-ium
508 2999 549 3064 (et
565 2999 734 3067 pressorium
752 2998 791 3065 L)
809 2999 957 3055 nominant
976 2999 1081 3054 etenim
1100 3016 1158 3068 que

135 3065 294 3119 nominibus
312 3065 359 3119 vel
375 3095 409 3104 —
427 3064 593 3135 significant.

204 3266 341 3321 rnorem
366 3266 515 3332 quanm
539 3265 587 3319 un
609 3265 798 3323 nnvsasro
817 3269 873 3338 un
887 3276 905 3348 ,2
929 3270 1046 3325 historia
1064 3271 1100 3326 Ν
1102 3274 1156 3395 qs

135 3335 223 3402 prosis
240 3334 283 3400 N,
301 3335 461 3404 praeceptis
478 3335 543 3389 Mai
555 3336 593 3402 119
611 3335 720 3404 prospis
738 3337 781 3403 N,
799 3353 864 3405 pers
885 3339 954 3391 iouis
966 3338 1101 3394 Mutine
1122 3341 1155 3394 it.

136 3402 247 3536 qltseqqql
259 3409 294 3522 qq
311 3402 464 3524 qtipquqpo
482 3402 515 3457 N
532 3404 542 3471 ΙΙ
555 3403 632 3473 cum]
651 3403 680 3455 in
698 3404 764 3460 add.
782 3404 847 3460 Mai
863 3355 1028 3474 iepntomi
1045 3406 1077 3461 N
1094 3409 1104 3476 ΙΙ
1123 3414 1155 3461 12
