2354 3946
367 183 414 240 VI,
442 181 531 238 VITA
550 184 577 238 S.
593 183 769 240 CASSIANI.
1037 185 1077 250 79

63 346 243 430 Sermonis3
267 345 324 411 sed
346 368 474 411 summa
498 368 614 430 sequar
635 347 770 432 fastigia
793 350 930 412 tantum.

62 433 201 509 Quidam
225 433 376 519 Ritioius,
399 457 509 499 rerum
530 434 697 520 probitate
720 436 855 521 peritus,
956 443 957 447 ’

63 522 210 608 Coniuge
234 524 365 588 decessa
389 524 508 589 civium
533 528 670 609 cogente
694 528 825 590 caterva

10 628 42 678 01
62 611 207 676 Admisit
231 612 378 696 regimen
401 613 587 678 dominatus
612 634 650 678 ao
672 612 894 697 moderamen3

60 700 168 783 Vixit,
190 702 241 765 uti
264 701 384 784 decuit,
409 700 601 785 demumque
624 701 660 765 in
682 723 760 784 pace
784 701 915 785 quievit.

61 788 124 864 Qui
147 790 235 854 latus
258 789 389 872 feretro,
413 791 552 855 coniunx
575 790 632 854 ubi
653 789 768 855 functe
791 791 933 873 iacebat,
957 827 999 838 -

60 877 208 961 Eloquar
231 901 273 942 an
297 878 413 943 sileam
435 878 543 943 visum
566 878 717 942 mirabile
741 878 852 944 dictu?
878 917 916 927 —

62 965 108 1030 Os
132 967 254 1048 patuit,
277 967 392 1031 flatum
416 967 568 1051 sumpsit,
592 967 672 1031 haec
695 969 796 1032 verba
817 967 981 1051 profudit:

10 1071 42 1120 00
61 1053 207 1138 ‘Excipe
231 1060 344 1119 sancta
368 1077 469 1138 soror,
493 1076 589 1139 quem
612 1077 678 1120 non
701 1056 884 1140 petulantia
906 1057 1038 1122 foedum

60 1142 192 1225 Effecit,
217 1145 274 1207 sed
296 1143 471 1229 virginitas
494 1147 628 1208 aeterna
650 1144 768 1209 beavit.

61 1230 114 1295 Sic
138 1231 218 1295 olim
240 1269 283 1279 —
307 1232 495 1296 meminisse
519 1233 610 1296 decet
633 1269 676 1278 —
701 1234 843 1298 moriens
867 1235 1015 1318 petiisti?

60 1319 121 1384 His
146 1320 242 1384 dictis
265 1343 330 1385 una
354 1321 579 1406 glomerantur
603 1321 740 1407 virginis
765 1344 841 1386 ossa

59 1407 213 1493 Dantque
236 1410 343 1474 locum
365 1409 462 1474 fratri
486 1409 518 1474 id
544 1409 739 1474 mirabiliter
761 1410 930 1494 rogitanti.

10 1512 39 1562 00
60 1494 112 1561 Sic
136 1498 250 1562 ambos
274 1519 374 1561 unum
397 1497 521 1582 pariter
543 1497 626 1562 texit
648 1498 873 1582 polyandrum.

59 1585 155 1650 Hunc
177 1585 399 1672 Hegemonius
423 1591 500 1670 post
522 1586 660 1651 accessit
683 1586 868 1669 speculatus

59 1674 110 1737 Ad
135 1675 300 1758 columen3
327 1679 403 1758 post
426 1675 544 1739 tertius
567 1674 653 1738 huno
677 1672 976 1758 Simplicius'urbis

58 1762 198 1827 Exstitit
222 1764 370 1845 antistes,
394 1763 564 1849 epularum
588 1763 780 1828 emblemate
804 1762 902 1827 dives.

59 1849 119 1915 Oui
143 1852 275 1934 pietatis
300 1873 382 1936 opus
405 1873 529 1916 necnon
553 1851 737 1917 castissima
759 1852 913 1935 coniunx3

9 1955 40 2004 10
59 1938 152 2003 Unde
176 1940 275 2005 simul
297 1941 468 2022 recubant,
491 1940 611 2024 iugiter
635 1939 747 2004 divina
769 1940 991 2023 frequentent:

58 2027 121 2093 Hic
143 2028 233 2111 litat,
257 2029 313 2093 illa
337 2033 424 2111 orat,
445 2028 499 2093 hio
521 2028 702 2113 praedicat,
724 2029 783 2093 illa
806 2028 982 2095 ministrat.

58 2115 215 2193 Quocirca
237 2117 338 2202 vulgo
361 2116 467 2182 fertur
488 2117 658 2182 frendente
681 2121 844 2200 protervo.

57 2207 221 2271 Astrinxit
245 2228 366 2290 prunas
390 2206 480 2270 birro
505 2205 690 2270 castissima
712 2206 817 2292 virgo,

57 2293 209 2379 Quasque
234 2295 395 2360 sacerdoti
419 2294 507 2359 socio
532 2294 620 2359 dedit
644 2295 756 2360 ordine
779 2294 867 2378 ferri,

10 2398 37 2447 10
57 2380 207 2448 Sinceros
231 2405 354 2468 prunae
377 2387 509 2448 urentes
532 2385 647 2449 ambos
670 2389 814 2468 patuere.

57 2468 176 2536 Castus
201 2495 292 2536 amor
314 2472 463 2537 flammas
486 2494 653 2558 nunquam
675 2473 840 2558 trepidare
863 2473 1031 2557 probatur.

57 2560 108 2625 En
131 2582 232 2646 rogus
256 2561 290 2624 in
315 2561 444 2644 stipulis
468 2560 613 2625 admittit
636 2561 686 2624 ius
711 2561 856 2625 deitatis:

54 2649 133 2713 Vim
156 2650 277 2734 perdit,
299 2653 418 2713 natura
442 2672 534 2714 snam
558 2653 728 2714 conservat
751 2649 869 2713 inusta.

56 2736 109 2802 Sic
131 2737 249 2802 fornax
272 2759 391 2823 pueros
414 2738 534 2802 dudum
557 2759 624 2802 non
645 2736 766 2802 torruit
789 2737 903 2803 almos.

10 2842 37 2891 10
55 2825 119 2891 Η10
142 2827 266 2890 dictam
289 2827 394 2890 cautis
418 2826 531 2890 urbem
556 2825 749 2890 moderabat
771 2825 918 2911 habenis,

55 2912 196 2979 Nomine
222 2913 408 2999 Simplicius
432 2915 471 2979 de
496 2914 705 2999 simplicitate
728 2914 897 2999 probatus,

56 3000 117 3064 Vir
140 3002 277 3084 caelebs
301 3003 427 3067 meritis
452 3003 532 3068 adeo
556 3004 782 3067 memorandus
805 3002 934 3085 iniquis.

126 3198 178 3247 394
197 3201 214 3247 0
235 3194 350 3249 ‘einum’
417 3200 467 3250 399
486 3200 507 3246 r
528 3194 649 3249 ‘sumsit’
715 3199 767 3247 400
787 3199 804 3245 0
824 3193 915 3262 ‘quae’
978 3196 1068 3248 4000

55 3263 155 3333 ‘olym’
220 3271 272 3319 403
292 3271 310 3318 0
330 3265 410 3319 ‘ima'
476 3271 529 3321 405
552 3271 596 3318 011
616 3264 816 3333 ‘poliandrum'
882 3271 934 3320 406
954 3271 972 3316 0
992 3265 1067 3334 ‘ege-

52 3335 175 3389 monius’
201 3336 435 3405 r‘Egemonius’
509 3342 562 3390 407
586 3343 604 3388 0
624 3335 749 3390 ‘tercius’
823 3340 876 3390 408
903 3341 921 3388 0
942 3334 1066 3390 ‘Extitit’

52 3411 104 3460 409
128 3412 173 3458 ur
193 3407 259 3462 ‘nec'
278 3409 345 3462 non'
415 3413 467 3461 412
490 3413 512 3459 r
532 3407 605 3472 ‘Quo
629 3407 714 3462 circa’
742 3407 901 3473 G‘seritur’
970 3411 1068 3461 4131
1171 3438 1176 3447 ·

53 3475 230 3531 ‘Adstrinxit
241 3479 360 3546 primcs’
377 3485 421 3532 00
437 3478 541 3545 ‘byrro'
593 3484 645 3532 415
660 3483 681 3529 r
695 3479 726 3532 in
744 3478 870 3547 margine
885 3477 1066 3547 ‘patefecere’

51 3553 105 3604 410
125 3554 143 3601 0
164 3549 341 3617 ‘numquam'
397 3555 490 3603 41011
511 3549 644 3604 ‘coelebs’
