2422 3976
103 205 148 268 22
421 202 468 258 111
496 201 586 257 vm
603 202 632 257 8.
649 201 795 257 unusne

102 365 165 430 His
189 367 312 430 etenim
334 386 472 451 magnos
494 364 583 430 cordi
607 369 659 430 est
680 368 812 450 captare
834 363 975 449 labores,

147 454 195 520 Ut
217 455 351 520 valeant
373 475 488 539 capere
511 453 631 540 gaudia
651 459 819 539 perpetua

102 543 305 607 Pertulerint
327 542 429 627 aliqui
453 543 516 607 diri
538 546 704 607 tormenta
725 543 864 628 flagelli:

49 649 85 698 50
148 631 221 696 Illis
243 653 361 716 nempe
383 635 496 696 tamen
517 631 642 716 perfida
664 653 756 696 mens
778 653 884 717 neque
906 631 955 696 fit

103 720 167 785 Hie
189 720 331 785 collatus
354 721 429 805 erit,
451 721 554 785 vitam
576 720 630 784 hic
653 742 727 785 cum
750 742 830 804 pace
852 720 989 786 subibit:

147 809 193 873 Et
216 810 349 893 capiunt
370 810 517 893 palmam
540 809 636 874 ambo
659 808 872 874 salutiferam

104 896 299 962 Sanctorum
322 898 391 962 vita
412 898 476 963 hoc
499 897 648 983 quamvis
671 897 716 961 sit
737 902 885 982 tempore
907 898 1029 983 dispar,

147 985 223 1051 Una
244 989 355 1051 tamen
378 987 507 1071 requies
531 986 683 1050 omnibus
705 986 759 1051 his
782 987 898 1053 veniet.

49 1091 84 1142 55
103 1073 227 1139 Felices
250 1074 359 1139 cuncti
382 1078 515 1139 aeterna
537 1074 577 1139 de
599 1079 706 1141 morte
728 1075 890 1160 redempti

147 1162 297 1227 Praemia
320 1162 359 1227 de
383 1185 510 1227 summo
534 1163 695 1248 accipient
716 1163 859 1230 domino.

102 1249 129 1315 Ο
154 1272 252 1334 quam
275 1250 429 1315 laudandi
452 1251 536 1316 tales
559 1253 753 1317 mortalibus
776 1274 899 1339 omnes,

146 1337 226 1415 Quis
249 1339 362 1404 laudes
386 1343 497 1405 coctus
521 1339 609 1404 fatur
633 1343 666 1405 et
689 1342 870 1425 angelicus!

102 1425 256 1492 Carmina
279 1429 397 1513 quippe
419 1428 491 1493 viro
513 1428 604 1495 volui
627 1428 666 1493 de
688 1429 812 1495 talibus
834 1452 901 1496 uno
1137 1440 1195 1492 ω’

48 1534 84 1584 60
146 1515 290 1602 Egregie
314 1517 456 1581 modulis
479 1518 617 1602 psallere
641 1517 828 1583 dulcisonis.

104 1603 139 1670 Si
162 1605 275 1670 laudes
298 1609 413 1690 potero
435 1608 517 1671 totis
540 1629 613 1672 eum
636 1606 762 1671 viribus
786 1608 846 1672 olli

146 1693 337 1759 Auxiliante
361 1695 420 1760 deo
444 1716 593 1780 promere
616 1717 701 1760 nune
724 1696 829 1780 cupio.

101 1781 247 1847 Rennuit
269 1782 327 1848 ille
352 1782 480 1869 quidem
504 1783 600 1848 terris
623 1782 814 1868 conquirere
837 1805 950 1871 gazas:

146 1869 288 1935 Divitias
312 1873 437 1957 sprevit
459 1872 654 1958 divitiasque
676 1876 781 1956 tenet;

48 1975 82 2026 65
101 1956 188 2023 Nam
211 1959 342 2025 fuscata
365 1961 457 2045 sinit,
481 1959 520 2026 de
543 1961 615 2026 luce
637 1961 763 2046 repleta
785 1960 965 2046 reprendit;

145 2047 277 2114 Desinit
298 2049 366 2114 ima
383 2050 457 2134 pius
479 2049 642 2114 nobiliora
664 2053 788 2133 petens.

100 2134 194 2201 Illius
219 2141 293 2202 acta
315 2141 427 2202 tamen
449 2137 531 2202 libet
554 2142 588 2202 et
612 2137 707 2202 modo
731 2138 836 2204 dicere
858 2159 987 2206 nomen

144 2223 216 2289 Hoc
239 2225 318 2290 deus
342 2246 420 2311 ergo
444 2248 521 2290 suus
545 2247 597 2290 me
619 2227 710 2290 iuvet
733 2230 831 2310 atque
853 2249 956 2292 meus.

344 2397 470 2468 Explicit
487 2400 631 2470 prologus.
669 2399 775 2471 Incipit
793 2399 874 2458 liber.

99 2507 171 2572 lam
187 2508 388 2573 venerandus
408 2513 478 2574 erat
496 2510 638 2594 praesul,
656 2511 709 2575 cui
725 2531 846 2575 nomen
859 2508 1027 2594 Erasmus,

44 2617 81 2667 ro
100 2593 261 2681 Gomptus
285 2599 318 2660 et
340 2597 395 2662 hic
419 2598 544 2663 meritis
566 2597 673 2664 fuerat
696 2602 729 2664 et
752 2598 899 2663 moribus
922 2596 1027 2682 almis,

101 2685 165 2749 Ast
189 2706 324 2769 operum
346 2686 494 2752 bonitate
516 2688 640 2753 micans
664 2690 820 2770 vultuque
842 2690 990 2752 venusto.
1136 2709 1152 2750 r.
1165 2701 1203 2750 ec*

99 2771 163 2838 Hic
187 2793 365 2858 generosus
389 2778 459 2840 erat
482 2780 515 2841 et
536 2775 658 2841 nobilis
681 2775 916 2841 Antiochenus.

101 2858 204 2947 Saepe
227 2862 333 2929 libens
357 2863 476 2929 mirum
500 2861 625 2928 Christi
646 2867 831 2929 monstrare
855 2864 1058 2948 triumphum

101 2947 216 3016 Certat
240 2956 273 3016 et
297 2952 338 3017 ad
360 2952 499 3038 populos
523 2952 686 3037 depromit
708 2974 810 3038 regua
832 2952 984 3037 polorum

41 3058 80 3112 ¹75
100 3037 250 3105 Firmans
275 3041 436 3126 exemplo
460 3041 546 3126 quod
569 3040 696 3106 dixerat
719 3063 774 3106 ore
796 3040 923 3126 pudico.

100 3127 265 3195 Frendens
288 3130 412 3196 interea
435 3151 549 3216 regum
573 3133 785 3214 superaverat
807 3131 870 3214 ira3

101 3216 197 3283 Orbis
223 3224 294 3284 erat
316 3222 407 3285 totus
430 3218 532 3284 ferme
553 3217 686 3284 feritate
709 3219 863 3303 repletus.

173 3361 206 3412 47
224 3358 355 3429 ‘magnis’
372 3358 382 3412 i
401 3360 557 3413 correctum
575 3357 765 3427 superscripto
784 3374 800 3413 o
856 3362 890 3412 st
906 3357 1025 3412 ‘eterna’
1084 3363 1117 3410 61

103 3426 168 3481 ‘illi’
185 3431 325 3483 mutatum
343 3429 373 3483 in
392 3427 466 3485 ‘olli’
521 3434 554 3484 65
570 3428 723 3498 ‘rependit’
740 3445 906 3498 superarer
955 3434 989 3484 69
1006 3427 1118 3483 ‘Heras-

102 3496 176 3551 mus’
238 3504 271 3554 ‘12
292 3499 480 3556 ‘antiocenus’
547 3504 580 3554 ‘13
601 3499 690 3569 ‘sepe’
758 3505 792 3555 77
813 3499 881 3555 ‘oris
900 3499 991 3556 eraut’
1012 3499 1120 3554 interr

103 3567 133 3622 et
150 3565 160 3621 i
179 3568 398 3639 superscriptum
416 3571 443 3640 b,
462 3589 482 3626 n
500 3568 625 3626 deletum
