2354 3946
393 176 428 231 Il.
454 176 503 230 DE
520 175 749 234 PRONOMINE.

355 362 398 427 H.
432 362 491 426 Du
513 360 788 427 PRONOMINE.

142 497 218 563 Nisi
249 498 386 562 forsitan
414 499 560 562 nostrum
590 519 671 580 opus
699 496 876 561 claudicare
904 498 1080 579 putaretur,

57 584 176 649 sinon
201 583 300 647 etiarn
322 583 505 666 pronomini
527 603 585 646 sua
608 581 743 665 epistola
757 580 874 644 fuisset
887 580 1027 663 reddita,
1050 587 1083 646 et

55 669 119 733 tibi
141 667 294 732 desiderii
316 669 365 732 tui
380 667 489 750 aliqua
502 669 610 750 portio
626 665 772 731 subtrahi
787 665 961 742 uideretur,
984 666 1079 730 uelim

57 752 189 901 puidam
212 752 252 816 de
274 752 465 835 pronomine
485 753 591 835 magis
615 751 821 815 conticiscere
845 771 941 833 quam
960 751 1081 834 aliquid

93 858 181 915 cere,
227 837 394 901 raesertim
412 858 486 901 eum
500 840 565 900 tam
582 836 676 900 multi
691 835 729 898 de
745 835 805 898 hac
820 837 974 898 orationis
990 840 1080 917 parte
1107 855 1120 893 5

58 922 164 987 multa
185 928 220 985 et
241 921 329 985 clara
351 921 402 985 uel
424 921 578 1004 opuscula
599 920 730 1004 propria
746 919 798 982 uel
815 924 991 982 ceterorum
1009 940 1082 1002 ope·

59 1028 130 1071 rum
152 1006 226 1070 loca
245 1004 325 1070 haec
340 1005 451 1070 eadem
465 1009 622 1090 occupata
638 1005 880 1087 descripserint,
903 1003 959 1067 sed
975 1007 1007 1067 et
1021 1025 1081 1088 ego
1120 1065 1121 1068 ,

60 1089 1081 1259 {3332thsternuentesintitulasti}

62 1258 220 1338 incedam,
237 1259 324 1343 quod
340 1259 465 1323 cuidam
481 1259 667 1323 conflictum
679 1257 818 1340 fugienti
830 1258 933 1321 dicere
944 1257 1080 1322 fidenter
1095 1276 1119 1314 10

64 1365 157 1409 ausus
171 1348 223 1408 est
234 1364 335 1426 parco
356 1345 462 1426 inquit
481 1344 584 1425 sacac
602 1342 745 1422 fambulo
767 1344 882 1423 dipsas
903 1348 955 1423 est,
980 1364 1081 1426 pauca

66 1429 119 1493 tibi
142 1429 191 1493 tui
214 1429 340 1512 negotii
361 1429 542 1492 necessaria
565 1427 603 1490 de
625 1427 813 1509 pronomina
836 1426 1031 1510 profabulor.

144 1511 291 1577 Primum
318 1514 354 1576 in
375 1512 487 1576 ordine
508 1533 688 1596 pronomen
709 1510 836 1575 finitum
859 1515 909 1574 est
930 1531 998 1592 epo,
1021 1510 1080 1592 <de

68 1598 147 1680 qno>
182 1601 250 1661 tam
283 1596 380 1661 multi
412 1598 597 1661 innumeras
631 1595 834 1660 uentilabant
866 1597 1079 1678 quaestiones,

10 1700 12 1755 :
69 1682 278 1746 inscrutantes
306 1681 466 1765 quomodo
495 1686 526 1745 et
556 1703 620 1765 qua
647 1681 771 1744 ratione
793 1682 860 1743 tam
883 1678 1080 1742 desimilibus
1093 1693 1121 1735 ιε»

71 1764 163 1830 literis
185 1767 272 1830 idem
295 1787 474 1849 pronomen
504 1767 709 1849 conpositum
739 1765 796 1843 sit,
826 1769 870 1825 ut‘
884 1763 1009 1826 dicatur
1028 1782 1081 1844 epo

71 1853 138 1927 nei,
161 1851 247 1934 quod
269 1851 352 1934 pleri
373 1851 514 1933 iurgium
537 1851 583 1914 ita
605 1850 698 1914 docte
721 1848 830 1912 sedare
853 1847 1021 1922 uolebant,
1044 1850 1081 1910 ut

72 1934 270 1999 sdfinnarent
287 1955 341 2016 epo
356 1936 442 1999 inter
456 1937 646 2017 monoptota
661 1933 775 1998 debere
791 1953 917 2014 semper
931 1930 1079 2012 adscribi,

72 2022 101 2082 nt
123 2020 157 2083 in
186 2019 276 2083 omni
302 2041 436 2083 numero
465 2041 583 2103 genere
611 2024 644 2083 et
674 2039 766 2083 cassu
793 2036 847 2098 epo
875 2015 1082 2100 singulariter

72 2102 228 2171 diceretur.
277 2103 518 2169 Torrentius
551 2124 604 2186 epo
636 2105 723 2167 inter
756 2101 915 2165 defectiua
947 2100 1122 2164 crediditso

69 2187 283 2264 iudicandum,
306 2191 343 2252 ut
364 2188 487 2253 scilicet
507 2192 639 2271 excepto
654 2186 722 2252 solo
738 2185 940 2251 nominatiuo
955 2186 1081 2250 nullum

10 2294 12 2301 ·
70 2292 184 2338 amum
219 2272 364 2338 haberet.
414 2273 540 2356 utrique
573 2278 683 2336 tamen
716 2272 866 2335 concordi
898 2271 1080 2335 hortamine

10 2418 13 2439 ,
69 2358 256 2442 definitaque
283 2358 388 2421 edicto
416 2358 567 2422 dicebant
594 2377 652 2440 pro
674 2376 727 2438 epo
755 2358 839 2420 mins
861 2354 1081 2438 accipiendum

68 2496 265 2507 —.——-—-

125 2565 166 2614 13.
190 2558 263 2613 Ecce.
287 2557 374 2611 Bcra.
393 2573 424 2625 p.
447 2561 511 2622 195,
530 2560 562 2612 2:
591 2557 793 2615 Primum...
818 2556 852 2609 dc
880 2572 937 2624 quo
963 2557 1023 2609 tam
1047 2596 1078 2610 ..

66 2627 239 2682 ventilabant
270 2625 450 2693 quaestiones
479 2625 621 2694 quomodo
645 2664 651 2678 .
676 2663 680 2674 .
706 2662 713 2678 .
738 2665 744 2679 .
769 2624 951 2678 dissimilibus
976 2623 1080 2678 litteris

64 2694 88 2748 ir
103 2697 172 2750 est.
193 2735 227 2750 ..
267 2694 379 2760 uodque
400 2692 522 2763 iurgium
544 2693 586 2747 ita
604 2692 732 2746 doctores
752 2735 758 2749 .
777 2733 782 2745 .
802 2732 809 2746 .
828 2693 860 2745 ut
882 2692 911 2744 in
934 2695 1081 2745 nominum

63 2764 152 2818 metro
171 2803 221 2821 ...
241 2711 359 2839 definito
379 2801 425 2815 ...
443 2760 467 2813 si
484 2761 526 2815 ita
544 2776 594 2814 cur
610 2799 658 2838 ....
676 2759 774 2837 littera
791 2761 919 2814 servatur
937 2759 1080 2830 ordolsssic

64 2845 192 2886 ...non
211 2827 483 2886 dubitanturesse.
504 2869 510 2881 .
529 2870 535 2882 .
555 2827 713 2881 utsrtrite
733 2867 739 2881 .
759 2869 764 2882 .
786 2868 791 2880 .
810 2867 816 2881 .
835 2829 1002 2895 receperunt
1021 2872 1027 2883 .
1047 2867 1079 2882 ..

62 2897 180 2966 plurali.
195 2937 202 2951 .
216 2935 224 2951 .
236 2895 409 2949 retullissem
427 2925 460 2935 —
477 2895 586 2964 grande
603 2925 637 2934 -
655 2895 806 2949 extrimum
824 2897 905 2963 (corr.
917 2910 951 2946 m.
964 2896 993 2958 2)
1007 2908 1079 2961 quae

63 2965 212 3021 mundum
230 2993 263 3003 -—
282 2963 329 3017 vel
348 2978 460 3016 suorum
479 2963 555 3032 quod
573 2993 605 3003 -
623 2962 765 3016 scribitur.

62 3070 264 3081 -ρ-

120 3131 264 3188 monus
285 3129 457 3185 SECUNDA
474 3130 523 3183 DE
539 3128 757 3184 Pnonomua
773 3131 783 3194 ΙΙ
802 3135 818 3182 3
837 3125 946 3180 subtrai
964 3125 997 3178 N
1010 3126 1021 3193 l
1034 3132 1049 3179 3
1060 3125 1079 3178 f.

61 3201 229 3269 linquidem
246 3198 282 3252 N
290 3201 329 3266 114
348 3216 374 3251 m
416 3201 421 3250 i
441 3198 476 3253 N
484 3200 494 3266 ΙΙ
507 3205 521 3251 7
541 3197 722 3265 descripserit
738 3196 771 3249 N
780 3196 790 3262 ΙΙ
803 3201 819 3249 8
833 3193 1011 3260 ephethomis
1023 3192 1058 3245 N
1065 3193 1077 3261 ll

62 3276 86 3322 11
103 3268 205 3324 fabulo
223 3266 258 3321 N
271 3272 303 3321 ct
321 3266 357 3332 cf.
374 3268 402 3319 A
414 3267 511 3320 dbelm.
526 3281 555 3332 p.
573 3269 607 3319 95
626 3266 679 3325 led.
700 3263 787 3328 Giles)
805 3263 815 3329 ΙΙ
833 3268 864 3315 13
873 3260 893 3313 f.
915 3259 950 3312 de
972 3275 1027 3326 quo
1046 3276 1081 3314 ecc

59 3335 251 3405 Bsupplevs'tl
265 3340 298 3388 14
314 3333 470 3387 innumeris
487 3333 522 3387 N
534 3334 544 3402 n
561 3332 703 3387 ventilant
720 3328 754 3382 N
762 3331 772 3406 l]
786 3336 817 3383 16
835 3326 1002 3398 pronomina
1020 3326 1055 3405 N
1065 3327 1077 3396 ΙΙ

60 3410 86 3540 ἔτ
104 3400 404 3524 docte]p,‘ort.=docti
420 3401 430 3469 Ι
447 3407 478 3455 21
497 3400 610 3455 nomine
629 3398 726 3467 1111113
745 3396 909 3464 difinitoque
927 3392 1080 3461 Nllm*1¹1⁸

71 3475 185 3542 caca)
238 3510 245 3523 .
