2422 3976
132 186 173 251 66
365 183 519 240 VIRGILII
537 183 702 238 MARONIS
721 183 918 240 ΕΡΙΤΟΜΑΕ.

133 337 257 418 confero
280 341 313 402 et
340 341 455 402 cetera.
501 341 577 401 sunt
604 341 769 421 praeterea
791 338 905 419 uerba,
934 358 1017 421 quae
1041 340 1152 404 eontra

132 424 303 488 ussitatam
333 422 528 486 latinitatem
561 421 613 485 uel
646 422 828 486 adiciuntur
856 423 990 506 syllabis
1017 423 1071 487 uel
1099 423 1152 488 de·

132 509 333 572 minuuntur.
372 505 554 570 adiciuntur
576 509 613 569 ut
635 507 733 589 opero
756 509 803 572 ris
817 508 876 586 ro,
900 507 1066 588 leyertmas
1079 509 1154 574 ritis

131 595 200 657 rint
227 597 259 656 et
287 591 348 656 hoo
375 590 551 655 indication
578 591 673 655 modo
696 593 841 674 tempore
864 591 1026 674 praesenti
1048 594 1085 656 ut
1107 614 1153 658 sa·

106 677 267 761 squentia
299 675 478 742 declarant:
508 675 723 759 inperfectum
758 677 942 758 leperebom,
972 675 1153 760 perfectum

133 763 253 844 lepesst,
276 761 628 845 plusquamperfectum
643 761 839 843 lepesseram,
855 760 1000 825 futurum
1016 761 1153 844 luperam

131 866 180 911 res
202 852 265 926 ret,
288 846 480 930 imperatiuo
504 847 600 928 tepere
620 846 736 927 operat
758 847 931 929 leporarius
953 845 1079 929 leperite
1101 847 1153 912 uel

131 932 276 1014 leperutis
298 933 453 1013 leporum,
478 931 623 994 futurum
647 930 770 1012 leperito
794 931 910 1012 teporat
930 934 963 993 et
985 929 1153 1014 pluraliter

131 1017 304 1098 leperumus
326 1015 479 1098 leperitote
506 1015 559 1077 uel
581 1015 726 1098 leperatis
747 1015 887 1096 leperaat
907 1014 960 1078 uel
981 1015 1152 1098 {operantu

93 1119 118 1158 ιο
131 1099 276 1164 obtatiuo
319 1100 415 1162 modo
457 1100 583 1165 utinam
626 1099 788 1182 lepererem
825 1099 972 1181 lepereres
1008 1101 1155 1182 lepereret

132 1186 332 1266 operaremus
356 1184 528 1261 lepareretis
553 1184 724 1265 leperereat.
769 1184 955 1265 lepessr'ssem
978 1183 1151 1266 lepessisses

131 1269 309 1351 tapeesisset,
333 1269 557 1350 lepessissemus
577 1269 651 1332 setis
672 1272 749 1332 seat.
786 1268 932 1332 futurum
954 1268 1092 1350 leporum
1113 1271 1151 1335 le-

128 1372 222 1436 peras
248 1357 303 1418 rat
329 1352 374 1416 sio
401 1351 463 1415 rite
491 1373 548 1435 per
575 1353 662 1416 huno
690 1352 835 1416 ordinem
859 1352 1039 1417 declinatur
1062 1356 1095 1418 et
1117 1355 1151 1418 in

129 1438 259 1520 passiuo
282 1437 380 1500 habet
401 1439 546 1519 tempore
573 1437 747 1520 praeterito
770 1438 898 1518 lepestus
919 1456 1000 1504 sum.
1045 1438 1152 1504 minu-

93 1526 231 1585 luuntur
253 1526 359 1586 autem
383 1520 446 1584 alia
468 1525 504 1584 ut
525 1541 604 1586 semo
624 1523 717 1586 semis
730 1523 821 1586 serait
835 1527 867 1585 et
882 1522 944 1586 hoo
959 1543 1017 1605 pro
1032 1525 1152 1589 semino

131 1609 163 1670 et
190 1607 400 1690 praeteritum
427 1607 542 1690 sampsi
568 1626 627 1688 pro
656 1608 815 1670 seminani
845 1609 877 1670 et
902 1610 1039 1688 semptus
1067 1627 1149 1677 sam.

130 1696 206 1755 sunt
234 1695 267 1756 et
294 1691 356 1755 alia
383 1711 465 1774 quae
494 1689 709 1754 declinatione
738 1689 928 1755 difficillima
950 1694 1027 1755 sunt
1049 1694 1151 1791 ntfio

128 1779 243 1924 'ist’
273 1776 349 1842 licet
376 1774 515 1840 secunda
536 1796 674 1858 persona
700 1775 810 1838 multis
833 1796 898 1839 non
921 1775 1058 1858 placeat.
1103 1799 1153 1842 m·

129 1883 168 1944 pe
202 1866 306 1927 ectum
338 1863 467 1944 fiebam,
500 1859 677 1944 perfeetum
709 1860 774 1941 sut,
808 1860 978 1944 plusquam
1010 1861 1150 1944 fueram,

90 1946 275 2011 soluturum
296 1949 375 2030 ptam
397 1948 454 2029 fies
466 1947 533 2028 fiet,
556 1944 766 2028 imperatiuus
780 1947 839 2028 fiat
852 1947 980 2028 fiamus,
1005 1944 1151 2011 futurum

129 2032 182 2102 rito
213 2033 281 2113 fiat.
324 2031 486 2094 obtatiuus
519 2029 632 2093 modus
660 2050 679 2092 a
707 2029 818 2093 multis
847 2028 1025 2093 declinatur
1050 2031 1151 2112 forem

128 2135 178 2178 res
205 2120 265 2189 ret,
295 2137 314 2178 a
340 2114 507 2178 nonnullis
527 2115 631 2195 fierem
653 2116 685 2177 et
706 2114 805 2178 habet
827 2115 990 2197 passiuum
1013 2116 1149 2180 uerbum

128 2200 189 2281 fior
220 2200 291 2279 stris
321 2200 399 2281 fitur
430 2202 462 2261 et
496 2200 615 2281 oetera3
646 2197 747 2279 fiabra
778 2200 854 2280 filus
885 2218 970 2282 sum,
1004 2199 1149 2264 futurum

196 2455 212 2502 2
230 2449 376 2504 ussitatem
394 2450 434 2515 P,
436 2449 592 2533 peitatem
613 2449 671 2504 VN
683 2451 693 2518 11
710 2449 862 2504 demuntur
878 2453 907 2506 P
923 2453 933 2520 l
951 2458 967 2506 3
984 2451 1151 2521 legeremus

132 2533 158 2581 V
168 2535 177 2601 11
191 2538 206 2587 ὅ
218 2533 300 2603 inper
315 2533 361 2601 711
372 2533 465 2603 perito
481 2533 556 2602 7116
573 2534 650 2604 leges
665 2534 698 2600 V,
715 2533 811 2604 legissi
822 2534 856 2589 N
864 2537 874 2603 l
886 2541 903 2590 8
915 2535 954 2605 pl'
971 2535 1003 2602 V,
1021 2536 1109 2605 plui}
1120 2535 1153 2592 N

126 2601 142 2722 ql
155 2600 200 2656 af.
212 2600 322 2722 legterqt
333 2603 363 2654 et
374 2600 439 2669 plus
445 2601 605 2671 legeramus
614 2602 806 2682 legeritote-vl
815 2602 950 2681 legeratis
960 2602 1094 2682 legerant
1104 2605 1151 2660 vel

139 2684 246 2738 egerun
260 2684 277 2721 o
330 2669 340 2737 11
354 2675 369 2723 9
385 2668 527 2740 legarant]
546 2676 673 2739 sequatur
686 2671 781 2742 ,lutuno
791 2671 911 2741 legento
925 2671 948 2740 (l
960 2688 993 2725 aa
1004 2676 1105 2743 morp.)
1122 2673 1150 2727 P

129 2770 142 2839 11
156 2776 187 2825 10
200 2770 327 2838 optativo
344 2770 401 2824 VN
409 2771 419 2838 11
431 2770 587 2839 legeerrem
606 2771 642 2838 V,
661 2749 786 2841 legiiem
795 2771 965 2841 N,legerem
976 2772 1005 2825 P
1016 2774 1027 2841 11
1038 2771 1150 2843 legeres

126 2873 162 2937 P,
180 2887 225 2925 res
241 2870 299 2925 VN
307 2872 317 2940 11
329 2871 439 2940 legeret
449 2873 491 2939 P,
508 2874 552 2927 ret
568 2871 643 2940 7Ν1
658 2878 687 2925 11
701 2872 859 2942 legeremus
872 2875 914 2940 P,
931 2851 1094 2943 legerrlinus
1111 2874 1150 2941 N,

126 2955 220 2993 remus
242 2938 287 3007 711
299 2939 325 2992 le
348 2940 431 2993 eretis
449 2942 491 3001 P,
510 2941 577 2993 retis
600 2939 645 3008 711
657 2944 723 2993 rent
744 2940 780 3007 V,
799 2943 858 2995 rint
869 2941 922 3009 1711
933 2940 1098 3009 legesissem
1115 2942 1149 3006 P,

129 3007 298 3076 legississem
351 3048 358 3074 ,
376 3008 508 3077 legissem
531 3007 576 3075 71
588 3006 735 3076 legesisses
746 3010 789 3071 P,
807 3009 962 3078 legississes
974 3008 1018 3073 N,
1038 3025 1084 3064 ses
1099 3009 1151 3130 Vq

128 3079 158 3127 12
181 3076 226 3128 set
246 3074 305 3130 VN
316 3077 326 3144 11
343 3075 370 3130 le
393 3091 561 3129 essessemus
579 3076 622 3143 P,
646 3091 738 3129 semus
759 3076 785 3130 V
800 3078 811 3146 l
827 3077 954 3147 legeram
975 3077 1004 3130 P
1021 3078 1031 3145 11
1051 3084 1083 3133 13
1105 3092 1138 3131 ra

126 3158 220 3196 ramus
238 3143 307 3197 ratis
324 3093 392 3198 ranl
409 3141 501 3210 7114
518 3144 646 3211 tempore
663 3143 819 3210 praeterito
836 3159 887 3200 om.
909 3143 998 3212 7116
1016 3145 1102 3199 semsi
1119 3143 1153 3199 N

127 3241 141 3310 1
152 3244 297 3296 semensa
318 3243 363 3312 Vp
376 3223 503 3314 simplus
520 3244 572 3312 nu
587 3250 617 3298 17
636 3245 665 3298 ee
677 3259 727 3299 om.
741 3244 997 3367 Nquauefioorima
1013 3247 1042 3300 P
1061 3247 1150 3326 paens

125 3325 176 3364 om.
200 3310 235 3364 N
252 3312 262 3378 11
285 3316 316 3364 19
338 3311 500 3382 plusquam]
523 3312 565 3380 pl’
588 3312 615 3365 V
633 3314 642 3381 l
663 3319 694 3367 21
718 3315 861 3382 optamus
887 3312 951 3367 VN
967 3313 977 3381 11
998 3329 1016 3367 a
1038 3314 1147 3384 multis]

126 3413 184 3488 aut·
193 3411 246 3532 Nlp
259 3410 406 3465 declinatis
427 3412 453 3465 V
463 3414 473 3481 11
486 3414 548 3472 21f.
561 3415 667 3470 foerem
679 3431 724 3468 res
735 3416 780 3468 ret
798 3415 888 3484 7122
906 3385 1019 3469 aututn.
1047 3415 1073 3468 V
1088 3417 1098 3484 1
1115 3421 1148 3471 23

125 3478 199 3532 fiens
257 3481 266 3547 11
279 3478 405 3532 futurum
423 3494 474 3534 om.
498 3480 559 3536 VN.
