2354 3946
95 192 155 256 172
321 189 475 245 VIRGILII
494 189 658 245 MARONIS
676 188 888 244 EPISTOLAE.

180 341 268 409 Scire
297 342 413 408 ethos
435 342 599 422 debemus,
628 344 715 428 quod
738 343 982 408 coniunctiones
1004 365 1119 410 omnes

93 439 148 493 eut
171 428 409 513 praepositiuae
430 430 487 492 eut
507 429 731 492 subiunctiuae
751 430 807 491 eut
827 449 1014 493 communes
1031 436 1118 494 sunt.

95 517 172 578 sunt
195 513 293 577 etiarn
315 534 396 596 quae
418 511 538 577 nullius
559 512 690 579 ordinis.
720 514 796 577 sunt
816 514 1068 597 praepositiuae:
1092 520 1121 579 et

95 603 130 663 at
150 601 180 664 si
209 599 362 680 quonium
388 618 427 663 oe
448 602 541 679 utque
556 617 656 680 porro
679 601 811 663 ceterum
839 617 933 663 seros.
968 598 1119 662 subiunc-

69 684 197 747 stiuae:
227 687 331 748 oubm
359 702 450 764 uere,
478 702 537 763 que
563 683 678 748 scilieet
704 691 737 747 et
765 685 879 748 cetera.
915 703 1117 747 communes:

96 788 168 851 erpo
194 768 264 832 ideo
292 769 415 850 itaque,
442 768 557 832 ideireo
582 767 696 849 pertus
717 768 868 849 proinde,
897 769 983 850 epita
1009 769 1119 851 iqitur,

96 872 164 934 que.
196 851 317 916 nullius
339 852 459 916 ordinis
482 855 572 915 sunt:
594 853 708 917 iterum
724 851 890 934 perstatim
903 853 1029 934 saltim,
1053 873 1120 917 non

97 938 184 1002 enim
213 936 254 1000 ad
283 937 429 1001 ordinem
456 935 622 1018 dictionis,
649 935 706 1000 sed
728 934 769 998 ed
791 935 984 1018 qualitatem
1006 958 1120 1000 sensus

98 1025 247 1086 attinent.

59 1124 84 1162 10
182 1104 306 1169 Possim
334 1104 462 1188 quidem
492 1103 532 1168 de
560 1104 786 1170 coniunctione
813 1103 914 1188 paulo
936 1104 1035 1169 letius
1057 1110 1120 1169 tra-

97 1195 200 1270 ctare,
229 1188 284 1251 sed
311 1189 388 1272 quie
416 1192 448 1251 et
477 1189 613 1253 anobis
635 1193 668 1253 et
690 1212 708 1254 a
730 1188 840 1253 multis
863 1209 940 1273 sepe
963 1190 1118 1274 seriptum

97 1276 159 1354 est,
182 1272 303 1335 ideireo
325 1272 432 1355 posita
453 1293 519 1337 una
541 1273 697 1356 dictione,
719 1293 800 1357 quae
820 1273 911 1337 utitis
926 1273 996 1338 fore
1011 1273 1120 1359 legen·

95 1357 181 1420 tibus
210 1358 368 1420 censenda
398 1360 460 1433 est,
491 1364 597 1421 cetere
624 1358 845 1442 relinquemus
866 1359 1001 1425 intesta.
1039 1361 1120 1423 duee

99 1440 339 1505 coniunctiones
362 1442 390 1504 si
411 1464 476 1504 une
500 1442 535 1505 in
558 1443 699 1507 dictione
719 1443 843 1526 positae
858 1442 998 1523 fuerint,
1020 1443 1056 1507 id
1073 1451 1121 1506 est

58 1540 83 1580 1⁵
98 1525 302 1608 oonpleetiua
329 1529 361 1589 et
389 1527 573 1610 rationalis,
602 1549 622 1590 e
650 1548 718 1592 sese
746 1526 917 1591 soluentur
944 1532 977 1593 et
999 1529 1121 1592 nullius

97 1609 229 1673 alterius
258 1611 438 1674 sententiae
467 1611 550 1677 ratio
578 1617 743 1696 poscetur,
772 1615 824 1676 ut:
857 1613 1011 1694 quoniam
1039 1633 1120 1696 erpo,

97 1695 175 1776 quia
196 1695 310 1777 ipitur,
336 1696 403 1760 ideo
420 1698 511 1777 quio,
534 1697 618 1761 uude
637 1699 804 1778 quoniam,
828 1699 983 1778 quoniam
1003 1698 1120 1762 ideirco

97 1783 130 1843 et
152 1782 267 1843 cetere.
306 1779 368 1845 hiis
391 1780 485 1845 dietis
506 1781 580 1845 finis
603 1781 760 1864 epistolae
781 1781 988 1864 inponendus
1011 1788 1069 1846 est.

333 1982 406 2048 vn.
440 1982 499 2048 nn
522 1935 914 2049 ennneosrnonn
981 1958 984 1963 ’

183 2113 326 2200 Septima
353 2118 433 2181 mihi
465 2118 602 2200 epistole
632 2118 670 2181 de
698 2118 938 2202 praepositione
965 2119 1121 2184 ordiendo

60 2223 84 2263 so
98 2204 155 2265 est.
191 2202 247 2264 sed
265 2201 394 2285 quiade
409 2202 537 2266 usitatis
551 2203 844 2285 praepositionibus
859 2204 1002 2268 usitatus
1016 2225 1120 2269 sermo

96 2340 300 2350 ——.-.

100 2470 106 2480 .
164 2403 297 2481 Ι19.,Εαεο.
316 2402 398 2457 Leto.
415 2401 436 2469 f.
453 2404 531 2481 &2¹33
546 2402 588 2456 De
611 2404 870 2473 praepositionibus
891 2405 1035 2483 pensitatis
1055 2406 1121 2484 (teos

97 2472 249 2537 1nus1tut1s)
273 2487 307 2524 ex
330 2474 432 2537 quarto
450 2469 601 2524 letm1tstis
619 2487 724 2540 genere
741 2471 921 2541 philosopbse
941 2475 1121 2528 eeousstrvee

98 2538 337 2607 praepositiones:
360 2553 414 2591 eon
436 2554 487 2606 pro
511 2537 600 2607 apud,
624 2540 701 2593 oiron
725 2556 776 2607 pro
794 2538 958 2606 adversum,
980 2541 1120 2596 materies

98 2620 151 2672 pro
170 2606 256 2672 eirea,
279 2606 394 2660 statuim
411 2621 464 2674 pro
481 2621 570 2675 pene,
593 2605 670 2660 ferae
688 2621 739 2676 pro
758 2606 926 2674 seeundum,
945 2610 1052 2662 surim
1069 2624 1121 2678 pro

98 2676 229 2794 propte?
252 2673 415 2794 giubihpro
437 2673 570 2794 infinita,
591 2673 662 2726 luirn
679 2674 842 2793 proliuxtn
865 2675 957 2729 selion
973 2692 1027 2796 prlo
1046 2678 1120 2743 ante,

97 2755 995 2886 prppptrprppgpug‚pppespprprpagrgafirg}{geppoleprolppgx
1007 2759 1120 2879 titgvtrtii

98 2890 150 2943 pro
163 2891 250 2928 secus.
279 2892 354 2929 nuno
367 2875 484 2929 abletsu
497 2892 576 2930 ossus
588 2877 824 2945 praeposrbones:
836 2891 939 2944 respon
952 2894 1005 2947 pro
1018 2894 1122 2944 eoram,

97 2942 199 3010 psipsa
217 2945 258 3012 (p,
277 2959 311 2998 ee
327 2945 362 3016 p)
380 2959 432 3012 pro
451 2959 531 3010 sene,
550 2960 629 2998 essm
646 2960 698 3012 pro
716 2946 812 3010 tenus,
831 2947 924 3022 espois
941 2960 994 3014 pro
1013 2947 1120 3014 pelam,

99 3024 168 3078 apsa
188 3026 240 3078 pro
264 3013 386 3080 absque,
414 3011 444 3064 at
471 3011 597 3078 utrisque
622 3027 701 3064 casus
722 3012 908 3080 praeposius:
936 3012 1047 3069 eunden
1069 3029 1121 3083 pro

98 3092 196 3146 super,
215 3079 315 3132 medus
333 3094 384 3146 pro
403 3078 513 3145 subtus,
532 3078 609 3132 lidon
628 3093 679 3147 pro
698 3079 803 3133 subter.

167 3267 183 3316 2
202 3265 358 3318 eommunis
369 3264 403 3319 N
412 3266 452 3333 114
468 3279 556 3333 poero
569 3263 604 3318 N
612 3265 622 3334 [Ι
635 3242 654 3318 b
669 3281 744 3334 quae
756 3266 790 3321 N
799 3267 809 3336 u
822 3271 838 3319 6
849 3282 901 3334 per
912 3265 968 3320 hoe
979 3265 1054 3335 quod
1065 3266 1099 3321 N
1106 3267 1119 3336 ΙΙ

98 3345 531 3470 eitddrettttdtn
559 3348 639 3469 ei
660 3337 1123 3472 tfprisnndtbttb

97 3478 294 3537 resinous
311 3482 363 3550 nn
378 3489 408 3537 ιθ
427 3456 607 3537 orentii.
908 3419 934 3471 A
976 3419 998 3473 Ε
