2354 3946
207 176 228 230 l.
256 173 381 230 PASSIO
401 173 1067 231 81811111181011180110108011.
1124 177 1144 239 7

131 337 295 402 Mirantur
317 337 442 419 turbae,
464 337 656 422 plangorem
679 337 719 402 ad
744 337 850 402 sidera
872 337 1005 420 tollunt3

175 425 245 489 Iam
271 428 386 509 stupor
409 429 507 509 atque
529 430 636 490 metus
659 426 762 490 inscia
785 426 883 491 corda
906 427 1026 511 quatit,

59 514 202 580 16511111
225 517 356 578 mutant
378 513 528 597 verbum,
550 514 641 578 varia
664 519 715 579 est
744 515 905 579 sententia
926 515 1054 580 turbae:

177 602 292 667 Virtus
317 623 437 687 magna
460 601 512 666 dei
535 599 649 667 Simon
671 602 811 668 habetur
834 602 875 667 ab
898 603 960 670 his.

132 690 178 755 At
201 691 331 776 magnis
353 689 471 755 Petrus
494 690 644 774 precibus
666 692 817 775 votisque
840 694 986 776 perorat3

176 778 253 844 Non
275 781 381 864 impar
403 782 481 843 voto
504 776 625 843 Paulus
649 783 683 843 et
705 780 775 863 ipse
798 778 870 846 fuit.

132 866 195 933 Sed
217 867 335 931 Petrus
359 867 457 944 caelo,
480 871 588 931 terrae
611 867 792 952 praefectus
816 871 850 931 et
872 867 948 932 imis

60 973 111 1022 170
177 955 354 1040 Spiritibus
377 955 502 1039 taetris,
524 956 610 1039 quod
633 956 770 1039 cupiere,
792 956 880 1022 tulit.

133 1045 280 1109 Pectoris
304 1066 343 1108 ex
366 1043 441 1108 imis
464 1044 577 1108 crebro
601 1044 741 1129 suspiria
765 1044 900 1128 rumpit,

177 1132 348 1216 Obsecrat,
371 1136 408 1195 ut
431 1132 531 1196 tollat
553 1132 635 1197 talia
657 1136 804 1197 monstra
827 1133 915 1197 deus.

132 1221 202 1304 Ἥ,
225 1219 323 1305 deus,’
348 1221 464 1306 inquit,
486 1220 624 1285 ‘habens
646 1221 799 1286 virtutem
824 1220 903 1286 solis
927 1225 960 1285 et
983 1221 1127 1307 umbrae,

175 1309 238 1385 Qui
261 1331 357 1392 super
381 1313 471 1374 astra
494 1309 609 1374 sedens
631 1313 739 1374 terrea
762 1332 890 1393 semper
913 1332 1014 1394 amas,

60 1415 111 1463 175
132 1398 277 1482 Respice,
300 1419 340 1462 ne
364 1402 477 1482 pereat
499 1399 640 1482 populus
664 1399 724 1463 sub
747 1398 889 1483 imagine
911 1397 1007 1482 falsa,

175 1485 226 1550 Ne
250 1490 361 1569 serpat
384 1486 521 1550 nimium
545 1487 711 1552 daemonis
736 1489 808 1550 atra
831 1487 910 1550 lues.
1095 1492 1097 1495 ’

131 1574 270 1640 Decidat
292 1574 327 1638 in
350 1578 471 1638 terram
495 1578 670 1639 temerator
693 1574 844 1639 culminis
869 1573 942 1655 alti,

177 1662 362 1748 Cognoscat
385 1662 510 1727 meritis
534 1683 637 1748 regna
659 1663 799 1745 petenda
821 1662 899 1746 poli.

131 1749 202 1815 Nec
224 1757 336 1815 tamen
357 1749 413 1814 ille
437 1752 502 1815 cita
524 1750 698 1816 descendat
720 1753 825 1815 morte
848 1749 1022 1835 malignus,

61 1856 113 1904 180
177 1837 241 1903 Sed
263 1839 373 1903 doleat
395 1860 529 1904 cernens
553 1860 694 1904 crescere
718 1859 820 1924 regna
842 1837 921 1903 tua'

130 1927 308 2011 Extemplo
330 1926 382 1991 his
405 1927 503 1992 dictis
525 1928 700 2011 pinnarum
722 1926 828 1992 fulcra
849 1926 1019 2006 fatiscunt,

175 2015 305 2081 Decidit
328 2020 362 2079 et
383 2015 489 2081 fracto
513 2038 604 2080 crure
626 2015 774 2099 relapsus
797 2016 895 2080 homo
919 2019 971 2079 est

130 2104 312 2187 Experiens
335 2126 461 2186 verum,
484 2104 569 2189 quod
599 2105 728 2170 saecula
751 2104 858 2188 prisea
881 2105 1055 2169 canebant:

175 2192 238 2257 ‘Ne
262 2193 402 2257 multum
426 2193 496 2257 1111
518 2192 610 2276 velis,
632 2215 672 2257 ne
696 2192 853 2257 inferiora
874 2192 989 2277 petas?

63 2297 112 2346 185
132 2280 274 2346 Romani
296 2281 410 2364 populi
433 2281 542 2346 cuncti
564 2281 673 2346 videre
696 2281 877 2346 cadentem:

175 2365 238 2434 ffic
262 2373 386 2453 stupet,
408 2369 465 2434 ille
489 2370 590 2454 dolet,
612 2371 696 2434 talia
718 2374 756 2434 ut
779 2392 849 2435 esse
874 2371 988 2435 solent.

132 2457 300 2522 Concessit
323 2457 423 2521 miser
445 2457 592 2523 Ariciam
613 2457 701 2523 haud
724 2458 921 2523 miserabilis
944 2459 1015 2544 ille3

175 2544 283 2630 Ipsius
306 2546 383 2610 hinc
405 2547 507 2611 vitam
531 2568 619 2611 mors
642 2547 800 2632 fugienda
821 2545 925 2630 fugat.

131 2633 219 2698 Urbs
242 2637 335 2699 tanto
359 2635 493 2700 viduata
516 2635 603 2699 malo
627 2634 686 2699 sub
709 2656 790 2719 pace
813 2634 966 2719 quiescit3

62 2721 1026 2806 mfflfflmfflmmmm

132 2812 177 2874 At
200 2810 287 2875 Nero
310 2813 389 2875 tunc
411 2811 498 2876 tanti
521 2832 632 2876 casum
656 2810 828 2875 miseratus
852 2811 961 2894 amici,
1138 2814 1139 2818 ’

176 2898 242 2963 Ocu
266 2900 362 2983 lupus
387 2921 441 2964 ore
464 2898 588 2984 fremit,
611 2921 683 2964 cum
708 2921 767 2963 sua
789 2900 908 2964 damna
930 2899 1033 2983 videt,

131 2987 226 3072 Itque
248 2987 398 3070 reditque
420 2987 571 3071 frequens
596 2987 727 3071 cupiens
752 2990 883 3072 captare
906 2949 1096 3072 Molossum,

177 3075 328 3140 Custodit
352 3075 475 3140 domini
498 3075 555 3160 qui
577 3075 633 3160 pia
656 3075 746 3141 lucra
769 3075 889 3161 gregis,

203 3256 254 3305 163
272 3248 395 3318 ‘y’sdera
453 3245 1143 3344 rass‘symon‘1ous‘praepibus’r‘uocis’

132 3337 186 3388 que
205 3319 317 3389 abipso
332 3319 448 3375 librario
468 3319 630 3416 suppletum
685 3319 761 3374 169’
764 3317 915 3388 p'rcfectus
972 3324 1023 3374 170
1040 3318 1143 3374 ‘tetris'

133 3397 184 3446 176
206 3390 356 3445 ‘demonis’
414 3396 465 3446 179
485 3389 558 3446 ‘illu’
581 3389 743 3446 ‘discendat'
801 3393 852 3443 181
869 3387 1035 3460 ‘Extimplo‘
1093 3394 1147 3445 184

131 3467 150 3513 Τ
171 3461 323 3515 ‘multaim'
390 3468 440 3517 187
460 3461 589 3517 Ariciam
653 3466 702 3516 191
723 3458 820 3516 ‘tanti'
841 3476 860 3515 1
876 3475 912 3516 er
928 3477 948 3514 u
966 3461 1116 3518 emendata

132 3537 182 3586 192
204 3532 350 3603 ‘dampna’
