2354 3946
140 138 162 201 4
216 138 237 191 Ι.
265 132 391 191 resslo
411 134 460 191 SS.
473 134 583 191 PETRI
602 133 650 190 ET
666 133 781 191 PAULI
798 136 1109 203 Aposrononunt

88 322 122 369 to
187 300 284 365 Parte
308 298 367 363 rub
392 297 525 364 ooeidus
547 299 598 363 ius
621 297 700 363 dore
723 301 842 364 suetus
868 308 960 371 erat.

141 388 335 473 Hesperiam
359 387 442 452 hane
465 386 569 453 veteri
591 386 736 452 referunt
759 391 977 472 cognomine
1002 395 1134 482 dietam,

186 478 315 543 ltaliam
338 476 494 559 vocitant,
516 475 573 559 qui
594 475 690 540 modo
713 496 793 540 rure
814 481 952 549 tenent.

141 565 224 651 Heu,
247 567 333 651 regit
356 564 409 629 hie
432 564 524 648 alios,
548 565 657 649 legum
681 563 738 647 qui
759 563 898 631 vinoulu
920 573 1061 657 rumpit

187 655 327 720 Abdieat
350 657 391 735 et,
415 652 571 737 quidquid
595 653 720 717 semotio
743 652 889 719 honesta
912 656 1026 727 iubet

89 764 123 813 rs
142 744 206 808 Res
229 743 381 807 Romans
403 742 500 806 huius
524 741 583 805 sub
609 745 753 825 tempore
775 762 884 825 poene
907 747 1054 833 relapso
1076 755 1137 817 est:

186 831 274 896 Urbs
298 831 511 915 conflagravit
534 830 736 914 plurimaque
760 850 837 895 aere
859 833 1002 902 eadunt

143 920 301 985 Omnibus
324 921 375 983 his
399 919 547 983 cumulus
571 918 727 984 suecessit
749 914 864 983 Simon
888 926 1033 1009 amaris,

186 1008 324 1072 Debitus
348 1008 480 1071 utfinis
504 1010 597 1089 perte
621 1007 656 1071 in
677 1009 816 1090 utreque
839 1006 939 1075 foret

142 1096 332 1179 I‘raestigiis
356 1094 507 1158 suffultus
531 1097 602 1158 eret
625 1095 680 1160 hie
703 1095 869 1159 daemonis
893 1099 964 1163 utri

87 1202 122 1251 80
186 1183 349 1247 laetanter
372 1182 507 1246 firmans
531 1186 647 1248 ennete
671 1184 804 1248 subesse
827 1182 902 1267 sibi,

143 1271 183 1336 Se
207 1271 310 1356 patris
335 1292 404 1335 esse
428 1270 546 1337 doeens
569 1271 733 1351 virtutem,
757 1294 822 1357 que
844 1276 945 1357 pater
967 1275 1047 1359 ipse

185 1360 322 1445 polleat,
345 1363 378 1423 et
400 1381 458 1443 per
482 1380 576 1443 quem
601 1363 717 1425 ennete
739 1363 850 1425 oreste
871 1368 981 1447 regas

142 1448 300 1515 Oredulus
323 1449 376 1513 his
399 1447 507 1512 verbis
531 1448 681 1533 princeps
705 1449 923 1515 stultissimus
949 1474 1034 1538 ergo

188 1538 302 1623 Coepit
325 1559 433 1603 amare
456 1560 577 1623 parem,
600 1537 730 1602 eredere
754 1537 841 1603 diets
864 1559 1007 1624 quoque.

88 1646 123 1695 85
142 1627 302 1693 Defensor
324 1629 449 1713 patriae
472 1628 635 1691 vocitetur
658 1626 789 1710 praesul
813 1633 847 1690 et
868 1627 965 1692 urbis

187 1717 256 1784 Neo
278 1719 380 1783 talem
403 1716 542 1780 Romam
565 1736 709 1800 unquam
731 1714 885 1780 habuisse
908 1715 1029 1786 virum.

142 1805 181 1869 In
204 1811 331 1871 tentum
356 1805 493 1892 magieis
515 1805 672 1890 populum
696 1803 816 1867 delusit
839 1803 875 1867 in
897 1805 994 1890 setis,

187 1894 234 1959 Ut
258 1918 292 1960 se
316 1897 454 1961 iactaret
478 1894 568 1978 quire
590 1913 707 1958 vocure
730 1891 865 1956 animas.

143 1983 260 2047 Petrus
284 1984 325 2048 ad
347 1985 428 2048 haec
449 1982 572 2047 domini
591 1983 711 2046 virtute
730 1980 894 2045 eeeinetus
914 1984 1071 2050 sturmis

90 2090 123 2138 90
188 2070 269 2135 Cum
293 2072 395 2136 Paulo
420 2070 508 2134 socio
532 2069 612 2134 haee
634 2069 789 2152 fugiende
811 2072 936 2151 monet3

143 2158 277 2242 Detegit
299 2159 434 2221 insidias
459 2155 601 2220 Simonis
625 2156 721 2221 eorde
744 2161 891 2240 repostas

187 2245 304 2309 Omnia
327 2246 412 2309 falsa
434 2243 586 2325 probans,
610 2264 692 2325 quae
715 2243 804 2310 ferus
827 2245 883 2310 ille
907 2244 1012 2312 docet.

142 2332 280 2398 Cernere
304 2336 374 2396 eret
395 2351 544 2414 proceres
568 2330 692 2394 domini
715 2335 925 2419 geminasque
949 2336 1131 2424 columnas,

186 2420 271 2485 Hine
295 2441 423 2504 quoque
447 2418 496 2482 bis
520 2440 654 2483 numero
679 2419 846 2486 daemonis
870 2444 940 2487 esse
964 2425 1071 2513 viros3

89 2528 124 2577 95
142 2509 227 2574 Hine
249 2509 366 2573 Petrus
389 2507 574 2592 Paulusque
597 2507 719 2572 micant
743 2514 776 2573 et
798 2510 938 2576 fulmins
960 2515 1110 2597 mittunt,

186 2600 232 2662 At
255 2595 342 2661 Nero
366 2598 462 2663 eorde
485 2596 607 2681 fremit,
631 2593 744 2662 Simon
767 2601 800 2663 et
823 2598 893 2683 ipse
915 2601 1021 2684 gemit

142 2687 228 2752 Hine
251 2686 329 2749 deus
354 2687 481 2751 assistit
504 2689 671 2770 spectator
693 2685 789 2750 huius
814 2710 931 2754 urenae

188 2774 329 2839 Zabulus
353 2773 429 2839 hine
453 2780 485 2840 et
508 2775 601 2839 adest
624 2797 681 2859 per
705 2775 880 2842 simulacra
902 2779 1019 2842 latens.

143 2863 266 2928 Taliter
288 2863 324 2927 in
346 2863 451 2928 medio
475 2864 676 2929 certantibus
700 2886 771 2930 ecee
794 2870 927 2951 repente

72 2970 122 3020 100
187 2951 288 3017 Fama
310 2951 409 3017 refert
432 2952 559 3017 olorum
581 2953 758 3037 oppetiisse
780 2956 897 3022 virum.

1026 2628 1034 2688 i

141 3115 353 3124 ———-...-.-

144 3286 152 3312 ε
213 3217 247 3268 71
263 3213 457 3314 '‘reperiam’‘
497 3215 712 3318 74ffquiee1uid't
761 3218 926 3339 tb'y‘uenezd
963 3222 996 3272 77
1012 3221 1154 3316 ξομτηιιῑὶἐ

143 3285 261 3425 {iiiiii}
317 3286 694 3426 Btiituitenliriit‘iiiiiiusrir’
713 3287 1047 3419 Priihwgliintenieniririiri'
1069 3299 1156 3418 vizi

142 3427 224 3522 eetis'
290 3435 325 3485 88
345 3435 364 3480 τ
384 3429 468 3484 ‘nire’
489 3433 509 3480 B
529 3428 613 3484 ‘iure’
646 3435 713 3510 “90
734 3424 877 3523 ‘fwffla'
921 3428 976 3518 ‚91
997 3424 1153 3493 ‘symonis’

154 3499 262 3555 sordere
276 3499 407 3570 potestas’
474 3499 680 3554 94‘demon1s’
746 3503 780 3552 96
813 3495 919 3563 Symon
