2354 3946
122 165 183 231 162
349 161 503 217 viseum
519 160 685 249 minorue
703 159 913 220 merome.

121 317 220 400 sumi,
248 315 437 400 quibusdem
465 335 542 380 uero
572 314 746 383 seeundum
768 313 974 397 Galbungi
994 313 1146 379 traditio·

120 423 194 466 nem
228 401 445 465 asserentibus
479 403 629 464 octauum
660 400 768 483 potius
800 400 966 482 utriusque
998 400 1146 464 nominis

119 487 208 552 huno
229 507 354 551 eoseum
378 485 491 549 sentiri
506 487 663 568 oportere.
693 483 778 566 quod
793 486 826 547 et
840 485 996 548 Aeneas
1014 484 1145 566 probat,

120 571 206 636 unde
228 574 261 635 et
283 570 426 634 scribens
449 568 529 632 mihi
556 567 717 651 quoddam
739 588 860 632 nomen
882 568 929 632 ite
950 567 1144 632 deelinauit:

94 652 1143 833 ⁵uidisti?tumetiumstrumii?

207 823 307 890 Ouios
335 823 381 887 rei
410 845 522 906 ergum
544 821 720 905 inquirenti
741 820 838 903 mihi,
867 824 913 884 ite
935 822 1077 885 exsoluit
1098 821 1152 886 di-'

121 930 213 974 oens:
242 913 346 975 sextus
367 927 474 990 eosne,
503 909 560 988 qui
580 911 625 972 est
645 907 806 972 oblatione
827 910 857 970 et
876 907 1028 988 septimus
1050 911 1145 988 atque

120 999 250 1059 ootouus
278 994 455 1057 litterarum
474 989 582 1071 forma
603 991 720 1056 similes
740 995 830 1071 sont,
858 991 925 1054 nisi
946 991 1084 1056 dictione
1105 1012 1143 1056 oo

80 1103 105 1142 ιο
116 1078 287 1143 sententiae
307 1076 460 1157 qualitate
481 1075 739 1156 diserepooeriot.
771 1075 826 1140 sert
845 1075 876 1138 si
889 1096 912 1138 o
926 1074 1065 1140 dictione
1079 1076 1142 1141 dis-

117 1165 305 1243 ominetur,
329 1159 469 1225 obtotioo
491 1179 567 1224 coeo
590 1160 642 1224 ‘ob
662 1160 719 1224 too
728 1178 865 1241 prosooe
879 1159 954 1224 bene
969 1159 1142 1225 clamatum

117 1250 181 1312 est’.
221 1246 350 1327 septimo
383 1263 460 1309 raso
493 1243 560 1308 ‘hoo
586 1263 724 1326 prosette
753 1244 937 1309 otomotoiie
962 1242 1141 1323 smootor’.

116 1331 200 1395 unde
226 1329 419 1412 reprobandi
444 1333 519 1392 sont
545 1330 601 1410 qui
627 1322 736 1393 dicum
762 1328 928 1408 ‘inuento
954 1328 997 1393 ab
1019 1330 1142 1394 eostur

117 1434 188 1480 oum
208 1415 276 1479 siue
297 1414 386 1496 eius',
408 1412 592 1478 huiusmodi
613 1414 698 1477 euim
719 1413 850 1477 uerbum
869 1415 969 1488 fruor
975 1461 984 1494 ,
1014 1413 1143 1478 mutet

80 1523 105 1563 15
116 1498 274 1566 nonnette
287 1499 424 1578 similior,
447 1498 530 1562 iiiiii
545 1498 590 1562 oti
604 1499 695 1562 casui
709 1498 775 1562 nisi
788 1497 848 1562 soti
861 1497 992 1579 septimo
1007 1498 1143 1580 oetionpi

118 1585 212 1650 debet.
246 1589 357 1649 ootooo
380 1586 486 1650 eutem
508 1601 585 1648 caso
606 1581 674 1647 ‘too
684 1600 819 1660 prosone
833 1581 1052 1646 deotemonte'.
1085 1601 1142 1664 pro

119 1691 182 1753 quo
211 1689 319 1747 cassu,
348 1672 385 1731 ut
412 1667 565 1748 diximus,
594 1667 812 1729 nominetiuus
839 1665 875 1729 in
902 1665 1045 1730 lectione
1067 1686 1142 1749 sepe

118 1754 264 1837 ponitur,
298 1753 339 1816 ob
366 1751 451 1816 hene
479 1753 557 1835 puto
587 1750 828 1833 necessitatem,
862 1749 939 1833 quie
966 1750 1002 1813 in
1031 1749 1141 1814 oedem

119 1837 261 1903 diotione
275 1837 358 1902 elius
372 1836 591 1902 nominatiuus
607 1855 714 1898 cassus
729 1835 827 1898 uerbo
841 1833 1034 1918 principali,
1058 1833 1142 1919 quod

79 1945 105 1986 oo
118 1923 258 2005 primum
291 1921 448 2004 loquitur,
487 1919 700 2005 personaliter
734 1918 940 2002 adiungetur.
989 1919 1078 1983 siout
1107 1920 1142 1983 in

41 2076 42 2079 ,
118 2029 213 2071 uersu
235 2005 438 2088 Bregandi
453 2004 649 2088 Lugenioi
671 2003 825 2088 legimus:
846 2003 933 2068 sotor
948 2002 1027 2069 Coto
1042 2004 1141 2086 mites,

112 2090 251 2174 populos
265 2091 423 2166 turbatos,
446 2091 483 2152 iii
497 2090 563 2154 acie
581 2090 673 2153 stetit.
729 2088 797 2152 uasi
812 2087 874 2152 hoo
889 2087 1041 2152 dixisset:
1057 2088 1142 2153 sotus

116 2175 230 2256 populo
259 2174 384 2238 turbato
411 2173 501 2238 stetit.
546 2173 632 2255 quod
666 2110 761 2236 mdti
790 2172 919 2256 penitus
948 2172 1140 2256 ignorantes

118 2257 253 2322 uerbum
280 2276 431 2338 possuere
458 2259 516 2338 est,
546 2256 628 2339 quod
659 2258 791 2321 omnino
818 2256 888 2321 sine
910 2257 1139 2321 coniunctione

80 2363 105 2404 es
119 2341 239 2407 causali
265 2340 336 2404 fieri
361 2361 429 2403 non
450 2342 567 2423 potest.
605 2362 682 2404 nem
704 2341 732 2405 si
754 2340 966 2424 hyperbatioo
989 2362 1081 2406 moro
1102 2342 1136 2404 in

116 2426 221 2490 medie
243 2424 382 2490 diutione
398 2425 558 2488 oonmixto
574 2424 672 2488 alium
688 2424 835 2490 ordinem
849 2427 1029 2509 posuisset,
1055 2425 1139 2490 siout

116 2532 184 2574 non
204 2530 277 2573 raro
300 2509 451 2594 legimus,
473 2508 534 2573 hoo
556 2508 651 2574 modo
674 2510 822 2594 egregius
838 2509 949 2574 dootor
965 2509 1138 2574 edidisset:

116 2596 199 2660 sotus
221 2595 323 2678 mites,
346 2595 492 2660 turbatos
513 2595 598 2659 euim
613 2595 753 2677 popius
774 2599 834 2676 est,
854 2596 891 2660 io
913 2595 980 2660 aoie
999 2597 1093 2660 stetit.

202 2677 263 2742 Sed
291 2701 380 2744 nuno
407 2679 447 2742 ad
474 2679 637 2762 participii
663 2679 911 2762 expositionem,
940 2679 1026 2744 unde
1053 2699 1137 2762 pene

79 2785 104 2825 eo
119 2785 280 2828 excessum
308 2767 371 2846 est,
399 2768 557 2847 oportune
585 2766 790 2828 reuertamur.
827 2763 1034 2847 perticipium
1062 2785 1136 2846 pers

119 2849 296 2914 eommunis
325 2851 374 2912 est
402 2848 574 2932 orationis,
604 2849 690 2932 quod
717 2848 891 2933 generibus
920 2852 953 2912 et
975 2847 1137 2946 significe-

118 2935 262 2998 tionibus
285 2933 453 2997 suffonitur
475 2954 513 2998 ao
536 2933 722 2998 suffulcitur.
762 2934 816 2997 sed
835 2933 1043 3016 perticipium
1057 2937 1139 2996 tem·

118 3020 206 3103 poris
235 3019 413 3102 praesentis
442 3041 480 3082 ex
507 3019 636 3083 nomine
664 3019 768 3082 omnis
797 3017 925 3102 generis
954 3039 1024 3082 esse
1054 3016 1138 3080 diffi-

186 3261 201 3307 2
214 3241 440 3323 nominisdissio)
452 3255 486 3309 N
494 3257 504 3324 ΙΙ
516 3261 532 3308 4
545 3254 681 3322 quodtam
690 3255 724 3310 N
733 3256 742 3323 t!
756 3261 771 3309 6
787 3252 987 3309 oerexendeN
995 3266 1065 3329 corr.
1074 3251 1140 3305 Mai

119 3321 133 3389 ΙΙ
146 3327 177 3376 10
196 3321 296 3376 udoote
315 3322 349 3376 N
362 3338 431 3381 corr.
447 3323 513 3376 Mai
528 3323 538 3391 t
558 3328 588 3376 19
606 3323 688 3377 verbi
705 3323 739 3378 N
752 3337 821 3377 corr.
839 3322 904 3396 Moe
921 3322 931 3388 ΙΙ
948 3326 980 3374 22
999 3319 1064 3372 solii
1080 3319 1116 3373 N
1123 3319 1137 3389 ΙΙ

116 3390 407 3512 Ξὲεἰῇξεεθτῗῗὲίθοὲἰῧ
415 3392 424 3458 ll
437 3395 470 3443 26
487 3390 572 3444 aliem
590 3389 643 3458 Nn
657 3398 689 3445 33
702 3394 764 3456 post
786 3387 924 3440 diffimtur
945 3393 1035 3442 cetera
1055 3387 1139 3441 verbo
