2354 3946
118 164 140 228 2
197 164 219 222 1.
247 161 373 219 PASSIO
394 161 440 219 SS.
455 161 563 218 PETRI
581 162 628 218 ΕΤ
645 162 755 218 PAULI
773 163 1056 223 APOSTOLORUM.

117 326 234 409 David,
258 326 395 391 eximius
418 347 532 412 regum
556 346 614 408 per
638 328 744 390 saecla
767 326 940 412 canendus,

162 415 295 480 Proelia
317 414 490 498 multiplici
513 413 674 496 praecinit
696 418 770 480 aeta
793 416 899 481 modo.

117 503 209 570 Haec
232 507 375 568 mentem
397 523 528 567 movere
551 524 659 566 meum
680 524 765 568 nunc
788 507 923 589 tangere
947 503 1123 592 plectrum,

163 592 211 658 Ut
233 592 336 677 spiret
359 591 485 656 dulcem
508 591 619 655 fistula
641 612 746 674 pauca
769 613 893 656 sonum.

66 697 99 746 15
120 679 364 748 Contemnenda
386 681 480 762 foret,
504 681 634 744 caneret
656 681 690 744 ni
714 680 858 764 grandia,
882 683 984 764 certe;

163 770 289 835 Aurum
313 769 369 834 sed
392 769 518 833 fulvum
541 789 639 852 capsa
661 768 784 852 nigella
807 768 901 855 tegit.

118 858 182 923 Per
205 879 239 922 se
262 879 340 922 nam
363 856 488 940 stridet,
510 855 603 920 Petri
625 855 682 920 sed
703 857 834 921 nomine
858 856 991 942 gaudet:

162 946 283 1010 Missus
306 945 469 1009 mittentis
493 966 589 1029 saepe
611 945 647 1009 in
669 945 791 1010 honore
814 944 906 1009 nitet.

118 1034 188 1100 Nee
210 1032 345 1097 ridenda
368 1033 456 1097 canit
478 1034 646 1115 tamquam
670 1034 739 1097 sine
762 1037 847 1098 teste
870 1033 1026 1099 laborans

64 1139 99 1187 20
163 1120 415 1205 Discipulusque
437 1120 528 1184 Petri
551 1120 630 1185 haee
654 1120 860 1207 Hegesippus
884 1122 939 1188 ait.

117 1209 180 1274 Hic
202 1209 308 1274 voluit
332 1213 463 1273 sanctus
487 1208 590 1274 valuit
610 1230 671 1274 neo
693 1209 816 1295 fingere
839 1211 938 1275 falsa:
1059 1221 1062 1224 ’

162 1298 212 1362 Elx
235 1319 312 1362 vero
335 1319 413 1361 vera
435 1296 516 1361 haee
538 1297 629 1362 fonte
652 1297 775 1362 fluenta
797 1298 875 1365 bibi.

119 1386 209 1462 Quae
233 1390 337 1452 metro
359 1385 466 1451 voluit
487 1389 602 1450 nostra
624 1386 799 1452 immutare
823 1384 974 1472 Camena,

162 1473 209 1539 Ut
232 1475 326 1539 sudet
349 1475 448 1539 Petro
472 1474 607 1557 pinnula
629 1478 743 1540 nostra
766 1497 868 1541 sacro.

64 1580 99 1629 25
118 1563 208 1630 Haeo
230 1567 377 1629 restrum
400 1565 550 1648 spectant
573 1584 709 1629 examen
732 1563 975 1648 qualiacunque,

164 1652 253 1728 Quae
277 1652 405 1739 digesta
428 1654 552 1735 patent,
575 1674 661 1737 papa
684 1652 789 1737 beate,
812 1651 888 1718 Leo.

117 1742 244 1807 Littera
266 1764 343 1806 nam
366 1742 480 1806 rutilet
502 1762 698 1824 quamquam
722 1741 912 1825 splendente
935 1743 1087 1809 metallo:

162 1831 207 1896 Ni
230 1826 323 1896 vobis
346 1831 484 1923 placeat?
506 1830 627 1894 nobilis
651 1852 721 1895 esse
744 1830 864 1915 nequit.

368 2089 446 2145 Finit
462 2091 596 2160 prologus
615 2091 674 2146 sive
692 2091 876 2159 prooemium.

335 2160 438 2229 Incipit
455 2163 549 2215 textus
567 2161 742 2230 apostolicae
760 2161 908 2230 passionis.
966 2188 972 2200 ·

118 2267 268 2352 Claviger
292 2272 441 2332 aeternae
463 2267 606 2350 paradisi
630 2271 662 2332 et
683 2268 931 2356 ianitoraulae,
1151 2305 1165 2344 f,

63 2377 98 2426 30
162 2355 282 2422 Cedere
306 2355 357 2420 eui
379 2355 470 2419 iussu
493 2355 637 2420 claustra
658 2357 827 2422 tremenda
850 2359 966 2444 solent,

116 2445 297 2529 Postquam
320 2444 411 2509 clave
435 2443 538 2507 crucis
561 2447 707 2508 reserata
731 2448 782 2509 est
805 2448 903 2512 ianua
926 2448 1007 2513 caeli

161 2532 291 2618 Friguit
314 2537 412 2617 atque
435 2531 522 2595 unda
545 2532 714 2617 sanguinis
738 2533 835 2600 ardor
858 2539 961 2622 atrox,

116 2621 193 2686 Mox
217 2624 321 2686 semet
344 2621 488 2702 Petrum,
510 2624 623 2704 petrae
646 2622 840 2708 cognomine
864 2624 999 2708 dignum

162 2709 361 2794 Comprobat
384 2711 416 2773 et
439 2708 558 2773 fortem
580 2708 681 2774 fortia
704 2713 797 2795 gesta
820 2717 949 2777 canunt.

62 2818 99 2867 35
117 2799 270 2866 Iudaeam
294 2801 424 2884 gentem
440 2817 524 2894 ,nam
548 2818 676 2881 semper
699 2802 787 2863 sorte
811 2799 949 2865 duellem

164 2887 308 2973 Suscipit
330 2890 364 2952 et
387 2889 501 2970 pastor
523 2907 656 2968 pascere
679 2891 782 2952 certat
805 2909 891 2953 oves.

117 2977 293 3043 Immemor
315 2976 375 3040 illa
396 2979 508 3039 tamen
529 2973 618 3039 haud
641 2977 758 3040 mentis
782 2997 910 3060 semper
932 2978 1040 3043 avitae

191 3165 614 3224 11⁴‘se01a’1raa‘Prouia’
676 3172 711 3220 14
727 3166 841 3236 ‘pauca'
857 3184 893 3221 an
909 3167 1039 3223 ‘raaca't
1097 3177 1129 3226 15

119 3240 371 3310 ‘contempnenda'
385 3236 539 3321 ‘alqradia’
587 3241 621 3291 18
633 3237 721 3335 ‘sepe'
764 3243 833 3320 ‘191'
845 3238 1001 3336 ‘'tanquepp’
1013 3243 1033 3290 B
1045 3240 1129 3339 ‘tam3

116 3308 1128 3450 {ereaturarum2iratscrutaturus.

115 3399 208 3518 aufal:
228 3452 257 3506 in
272 3459 292 3506 r
306 3453 403 3508 littera
416 3469 436 3521 g
448 3451 494 3507 vel
507 3451 522 3505 f
534 3449 650 3517 excidit;
668 3449 837 3506 n‘olaaier’
855 3449 1010 3520 ‘paradisy'
1060 3457 1129 3506 801¹

116 3522 264 3578 ‘Caedere’
285 3523 462 3578 B‘eederse'
519 3528 552 3576 33
574 3521 675 3591 ‘petre’
731 3526 765 3576 35
786 3521 924 3575 ‘Iudeam'
