2354 3946
307 201 380 257 VIII.
414 201 568 259 unauna
590 203 640 258 DE
664 204 690 260 S.
710 203 827 261 LUOIA.
1009 206 1072 270 147
1163 156 1166 161 ¹

10 381 41 429 20
61 365 215 429 Praebuit
238 368 271 429 et
293 368 386 430 vasto
410 366 521 451 pelagi
544 365 582 430 de
606 367 738 453 gurgite
761 367 869 431 traxit.

61 454 176 517 Adfuit
200 456 233 517 et
255 452 353 518 Petro
378 454 477 518 maris
500 453 621 519 undam
644 455 738 519 valde
761 454 891 520 timenti

60 541 173 606 Defuit
196 545 229 606 et
251 542 335 606 nuIIi
357 563 433 607 vere
455 564 643 627 nuncusque
665 544 806 628 roganti.

59 631 128 695 Nec
152 630 259 695 minus
282 630 352 713 ipse
376 631 451 714 tuis,
474 653 531 694 rex
554 631 817 715 clementissime,
841 633 943 698 servis

58 718 183 783 Auinii
207 741 324 783 munus
347 741 513 803 nunquam
537 719 683 784 conferre
706 721 852 806 negabis.

10 824 38 872 23
58 806 131 872 Hoc
154 807 224 890 spei
246 807 350 872 innixi
372 809 534 872 tutamIne
556 808 716 873 vertimur
739 809 780 873 ad
803 812 846 893 te,

59 895 123 972 Qui
146 894 223 960 deus
248 917 281 959 es
304 899 425 979 noster,
448 896 553 961 virtus
576 897 793 981 validissima,
816 899 942 983 pellens

58 984 167 1050 Noxia
191 987 308 1049 cuncta
331 984 458 1069 procul,
481 999 595 1069 pacem
618 986 827 1070 requiemque
851 987 1002 1052 laborum

30 1124 35 1134 .
58 1073 255 1138 Restituens.
297 1071 402 1137 Decus
427 1073 491 1156 <0>
516 1094 693 1159 summum,
715 1073 787 1138 Ieus
809 1074 927 1159 Israel,
950 1076 985 1141 in
1008 1080 1041 1141 te
1084 1094 1099 1134 f.
1114 1087 1167 1135 214ι

60 1161 236 1246 Speravere
259 1164 369 1245 patres
392 1162 510 1244 nesta,
533 1163 589 1245 qui
610 1183 679 1226 non
700 1163 838 1228 rubuere
1093 1166 1157 1206 ⁰⁰1·¹

10 1268 39 1316 30
60 1249 208 1332 Consum,
231 1248 386 1333 quoniam
409 1249 606 1314 solidissime
630 1254 663 1314 te
687 1254 874 1316 statuerunt

59 1338 224 1403 Mentibus
248 1338 401 1421 amplecti
424 1337 599 1422 nimiisque
623 1338 804 1404 adfectibus
828 1342 890 1423 uti,

58 1428 208 1511 Dumque
231 1427 301 1511 iugi
324 1447 418 1511 prece
441 1429 475 1491 te
498 1431 622 1511 cogunt
644 1427 708 1491 sibi
730 1428 917 1513 propitiari,

59 1516 190 1600 Optime
213 1515 380 1580 laetantur
403 1537 437 1580 se
459 1515 652 1599 percepisse,
676 1514 762 1599 quod
785 1520 910 1600 optant.

58 1604 166 1669 Pande
190 1604 297 1667 sinum
321 1608 426 1686 tuum,
450 1625 513 1688 quo
536 1602 602 1687 fida
625 1602 691 1666 iam
715 1603 856 1667 statione

10 1711 38 1759 35
58 1692 241 1757 Ventorum
264 1692 422 1775 pontique
446 1691 552 1756 minae
574 1691 768 1776 frangantur
792 1694 825 1755 et
848 1692 954 1756 omnis

57 1781 205 1866 Impetus
230 1779 370 1844 absistat
392 1779 563 1864 firmetque
586 1782 685 1843 tenax
708 1783 766 1843 tua
788 1779 924 1865 puppim

58 1872 188 1934 Ancora
211 1889 371 1933 securam:
393 1868 504 1932 timuit
526 1867 699 1952 naufragia
722 1867 851 1933 dudum.

57 1957 101 2022 Te
126 1957 216 2022 decet
240 1957 345 2021 omnis
367 1957 440 2021 laus
464 1978 599 2040 operum
621 1977 698 2021 mox
720 1956 824 2020 limite
848 1956 968 2041 clauso,

57 2044 183 2111 Cuncta
206 2048 300 2109 tuum
322 2066 442 2109 nomen
463 2066 522 2128 per
545 2044 674 2109 saecule
697 2044 742 2108 sit
765 2044 984 2129 benedictum,

10 2153 37 2202 ιο
57 2133 119 2211 Qui
140 2155 212 2198 eum
235 2135 328 2219 petre
348 2133 407 2198 deo
426 2154 544 2219 regnas
564 2136 597 2198 et
616 2132 746 2198 flamine
766 2137 889 2199 sancto.
931 2132 1069 2199 ΑΜΕΝ.

128 2366 181 2415 620
202 2359 340 2415 ‘Prebuit'
410 2364 461 2415 621
483 2359 593 2415 ‘Affuit’
621 2357 728 2416 ‘uude’‘
787 2366 838 2416 622
859 2361 944 2415 ‘nunc
967 2361 1066 2429 usque’

57 2436 108 2486 623
129 2431 215 2486 ‘tuus'
278 2435 330 2486 624
350 2430 489 2487 ‘Aemiliis
507 2431 610 2487 miaua’
632 2431 809 2499 ‘numquam’
865 2437 916 2486 626
938 2431 979 2485 ‘in
996 2431 1066 2487 niri’

57 2507 109 2556 626
129 2502 188 2557 ‘cst’
246 2506 297 2556 628
318 2502 410 2557 ‘decus
428 2503 573 2557 summum'
631 2508 682 2557 629
703 2501 764 2572 ‘que'
783 2518 841 2556 nou
858 2502 998 2558 erutuere’
1019 2505 1070 2557 aut

57 2572 127 2642 ‘qui’
141 2571 298 2640 delendum,
315 2576 365 2626 aut
380 2572 520 2628 ‘rubuere’
535 2571 714 2628 scribendum
728 2571 840 2626 videtur
886 2578 936 2626 631
950 2573 1068 2627 ‘affecti-

56 2644 120 2698 bus'
173 2649 224 2698 632
246 2642 419 2712 ‘propiciam’
472 2649 524 2698 633
545 2643 690 2697 ‘letantur’
744 2648 797 2697 634
816 2642 963 2698 ‘stacione’
1017 2649 1068 2701 637

58 2714 211 2768 ‘Anchora'
234 2713 398 2784 ‘timuitque'
455 2720 507 2769 633
528 2711 643 2768 ‘secula’
702 2718 753 2767 640
774 2713 914 2782 ‘remeans’
