2354 3946
439 186 487 240 111.
515 184 564 239 on
583 184 716 240 nunno.
1026 185 1085 250 151

55 344 189 422 meniis,
201 343 293 405 terre
306 338 428 403 scilieet
438 338 515 424 igne
527 358 609 421 aquo
620 339 716 420 eique
728 357 809 400 aere.
828 335 911 420 quod
925 337 1087 402 Plostus

56 426 306 513 elegantissimo
328 424 470 488 carmine
492 422 627 487 diseruit
650 422 758 486 dicens

422 577 497 642 limo
518 575 659 655 sombiii,

422 660 550 742 lympha
572 659 715 738 meabili,

421 747 494 828 ique
515 745 662 817 credibili,

423 850 509 896 auru
530 829 691 909 mutabili,

423 914 561 978 inundes
581 913 720 978 orribilis

422 1002 565 1080 sumpius
585 998 689 1062 initiis
694 1046 703 1080 ,

424 1083 513 1147 ouius
534 1082 684 1147 terribilis

421 1167 531 1249 pendit
552 1167 721 1231 metitieu
1101 1187 1125 1226 ιο

63 1324 242 1385 seeundum
284 1318 368 1382 hano
409 1317 519 1402 itaque
555 1316 730 1399 rationem,
774 1338 869 1401 quam
907 1318 1087 1403 praedictus

65 1402 258 1471 Chromes
295 1402 456 1481 intulerit,
494 1402 530 1465 in
567 1402 629 1466 hae
663 1422 789 1485 quoque
822 1404 1088 1469 annumeratione

64 1492 190 1566 nostru,
221 1508 286 1572 qua
314 1487 449 1551 uerbum
476 1489 580 1550 toturn
608 1507 873 1571 annumeramus,
902 1493 1027 1573 tempus
1056 1492 1088 1551 ei

63 1593 237 1657 pomonam
259 1571 449 1655 excipimus,
473 1592 515 1635 ne
538 1571 566 1635 ei
585 1570 650 1635 hiis
671 1571 811 1654 acceptis
839 1576 911 1637 ocio
933 1577 965 1636 ei
985 1573 1087 1636 uienii

64 1660 204 1742 speeies,
227 1660 265 1721 ui
286 1659 337 1721 est
351 1677 499 1737 neeesse,
522 1655 644 1720 fuerint
658 1659 818 1740 repertae,
841 1678 993 1721 numerus
1007 1660 1086 1739 typo
1101 1671 1125 1710 1⁵

65 1744 169 1807 necet.
207 1761 401 1826 quamquam
428 1740 456 1804 si
483 1743 609 1823 tempus
636 1739 671 1804 in
700 1741 840 1824 quinque
863 1741 985 1824 speeies
1008 1741 1087 1803 diui-

64 1826 175 1912 detur,
203 1825 366 1890 adiunctis
387 1824 491 1889 tribus
512 1825 658 1908 personis
681 1827 753 1889 ocio
776 1825 897 1910 speeies
918 1824 1085 1888 inuenien-

62 1916 135 1991 ταῖς
157 1931 238 1996 quas
259 1931 332 1975 eum
354 1909 458 1974 nienti
478 1909 599 1974 duabus
615 1909 866 1990 adiunxerimus,
890 1909 982 1972 iuxta
997 1908 1086 1972 luna-

63 2016 134 2061 rem
153 1996 315 2059 rationem
336 1993 430 2058 XXX
451 1994 615 2059 faciemus.

150 2078 250 2145 Nune
279 2079 317 2144 de
346 2079 558 2144 inmoieiione
579 2099 682 2162 panea
703 2077 796 2142 nobis
818 2076 973 2142 edicenda
995 2085 1086 2161 sunt3
1101 2095 1126 2134 20

63 2185 148 2249 qnae
170 2163 328 2228 inusitata
350 2163 479 2248 quidem
501 2166 565 2245 est,
588 2162 642 2226 sed
665 2163 728 2226 hiis
750 2163 806 2246 qui
821 2161 914 2226 nonis
935 2162 1087 2226 adiuuen-

62 2248 210 2315 iionibus
232 2248 410 2313 dilatantur
429 2246 520 2312 utilis
535 2268 572 2311 ac
586 2247 766 2312 necessaria
781 2269 849 2311 esse
864 2248 1004 2311 uidetur.
1038 2248 1087 2311 in-

64 2335 234 2399 moiuntur
248 2336 355 2398 autem
368 2333 469 2397 uerba
482 2330 670 2416 simpliciter
685 2353 743 2415 per
763 2332 887 2412 liieras,
909 2353 967 2416 per
982 2353 1088 2408 sonos,

63 2438 124 2502 per
145 2439 277 2495 sensus,
301 2438 359 2501 per
379 2414 514 2501 figurae,
537 2438 595 2501 per
613 2420 767 2499 tempora.
804 2418 1004 2481 inmoianiur
1020 2412 1087 2499 'qui-

64 2502 139 2568 dem
172 2523 233 2586 per
259 2502 368 2567 literas
398 2501 574 2566 seeundum
602 2501 681 2565 duas
708 2500 913 2584 efficientias,
948 2501 1009 2565 hoo
1037 2505 1086 2564 est
1099 2515 1124 2556 25

63 2589 134 2652 eiue
160 2607 221 2670 por
246 2586 362 2651 uitium
392 2586 636 2668 dedecorosum,
671 2585 740 2649 siue
772 2607 830 2668 per
862 2587 1087 2651 necessitatem

65 2670 397 2737 eonsuetudinariam.
433 2692 492 2754 per
513 2670 629 2734 uitium
644 2690 771 2754 quoqne
787 2670 991 2751 deoorosum,
1016 2691 1088 2734 oum

64 2757 98 2821 in
120 2776 221 2821 uersu
237 2754 397 2819 Horatii
412 2754 583 2840 legerimus
599 2775 677 2837 0990
692 2776 751 2838 pro
768 2776 837 2838 ayo.
869 2755 935 2821 hiio
951 2756 1086 2819 adiectio

61 2862 84 2925 9
103 2839 273 2926 sequentis
288 2840 406 2904 uitiosa
421 2844 479 2904 est.
515 2837 570 2903 sed
585 2859 657 2903 oum
672 2840 780 2924 agitur
794 2840 919 2905 laetitia
933 2839 985 2903 uel
999 2838 1088 2902 festi-

64 2926 163 3009 uiine,
194 2926 241 2988 sio
267 2926 466 2989 consuerunt
494 2923 599 2988 dicere
627 2945 716 3007 0990.
754 2924 800 2989 oio
829 2925 915 2989 enim
937 2923 972 2986 in
994 2942 1085 3005 prae·
1100 2934 1126 2974 ³0

131 3152 147 3198 2
166 3143 295 3198 deseruit
312 3146 345 3197 N
376 3148 392 3197 8
410 3141 485 3195 initii
503 3141 534 3196 N
544 3142 584 3211 119
602 3142 728 3196 terribile
740 3142 811 3196 coni.
823 3141 888 3195 Mai
900 3141 909 3208 ΙΙ
924 3145 955 3194 10
973 3139 1087 3193 tristitie

62 3211 104 3276 N,
122 3212 246 3267 exitium
263 3211 335 3266 ormi.
385 3210 417 3265 ui
428 3211 438 3278 i
453 3216 483 3263 12
502 3210 616 3265 Cromen
634 3209 740 3328 104110
758 3211 846 3277 typpo
864 3208 897 3262 N
910 3209 920 3275 ΙΙ
935 3213 966 3261 19
984 3207 1086 3260 i'eoiem

64 3278 98 3335 N
107 3282 121 3351 u
136 3287 171 3336 20
189 3279 281 3349 pauet
297 3277 332 3331 N
344 3279 355 3347 ΙΙ
371 3277 526 3332 eedieendo
543 3277 577 3331 N
589 3278 599 3346 ΙΙ
617 3283 649 3330 22
692 3275 827 3328 natentur
844 3274 887 3342 N,
911 3273 1087 3328 delectantur

61 3349 133 3407 euni.
149 3347 219 3402 Mai
231 3347 242 3416 i
255 3345 292 3401 ud
309 3345 497 3400 neceesarium
514 3343 549 3398 N
561 3346 620 3414 [123
639 3343 728 3397 verbe
745 3342 794 3410 qui
812 3341 846 3397 N
854 3345 859 3410 Ι
877 3357 959 3395 sonas
975 3340 1010 3393 N
1023 3341 1086 3407 fori.

63 3430 146 3471 ronne
162 3417 175 3494 Ι
192 3421 226 3470 24
249 3414 338 3468 seniis
356 3413 462 3483 figures
480 3412 515 3466 N
526 3413 538 3482 Η
554 3417 587 3466 20
605 3411 654 3465 sed
672 3411 835 3487 deooro'sum
901 3411 956 3480 1127
975 3424 1087 3478 quoque

62 3480 103 3549 N,
125 3483 247 3553 quidem
269 3481 334 3537 Mai
350 3482 360 3550 ΙΙ
378 3486 410 3535 ‘28
429 3479 540 3535 Oraiius
557 3479 589 3533 N
600 3481 609 3549 ΙΙ
622 3485 655 3532 30
672 3478 734 3547 siu]
755 3495 777 3530 ει
795 3478 829 3532 Ν
842 3493 911 3537 corr,
932 3479 1000 3531 Mai.
