2354 3946
286 82 320 139 II.
349 81 435 138 VITA
454 81 481 138 S.
496 81 670 138 VERENAE
690 82 862 146 VIRGINIS.
1041 85 1083 150 17

10 261 45 310 66
67 244 161 320 Quod
180 244 275 330 virgo
294 243 430 330 Christi,
454 246 505 310 oui
527 249 644 330 parent
666 247 831 331 plasmata
854 247 976 329 mundi,

68 333 203 418 Semper
225 334 313 398 enim
335 334 439 418 flevit,
462 334 549 419 quod
571 337 687 419 postea
707 357 806 400 eausa
827 335 994 420 probavit3

66 422 176 486 Vertit
201 422 287 486 enim
310 423 432 487 multos
457 422 570 507 gentili
595 423 689 488 sorde
712 423 843 508 ligatos,

67 510 219 576 Illustrat
242 532 354 576 eaeoos
378 511 502 594 pariter
525 511 666 576 salvavit
690 516 722 576 et
745 532 862 597 aegros

67 599 221 664 Reddidit
245 603 278 663 et
300 599 414 664 multis
437 600 577 684 vestigia
601 599 706 665 solida
728 599 852 665 alaudis

13 705 48 754 6ο
68 689 205 770 Insuper
229 687 377 752 auditum
401 687 507 753 surdis
530 688 700 772 redditque
724 689 896 754 salubrem.

68 775 130 840 His
153 777 201 841 ita
224 778 291 841 iam
315 776 418 861 signis
443 779 556 841 saneta
578 777 617 840 de
640 777 768 862 virgine
790 776 888 842 saetis

69 864 157 929 Gens
181 864 441 930 Alamannorum
463 865 568 929 turbis
592 865 740 931 subiecta
763 866 912 949 deorum,

68 953 160 1018 Tune
183 953 290 1018 libans
315 953 419 1018 saevis
443 974 572 1038 semper
595 953 754 1020 libamina
776 954 933 1019 monstris

67 1040 149 1106 Ilico
173 1064 231 1125 per
255 1063 365 1106 sacrae
387 1041 525 1107 nimium
549 1063 640 1107 saera
663 1042 763 1107 verba
785 1041 932 1108 Verenae

15 1146 49 1195 66
68 1130 210 1194 Multum
233 1131 374 1195 mutavit
395 1129 471 1194 fidei
493 1132 666 1214 lumenque
689 1131 826 1216 recepit,

68 1217 206 1302 Insuper
230 1218 408 1283 aetheriam
432 1219 572 1302 sumpsit
594 1219 805 1304 baptismatis
828 1219 958 1285 undam.

68 1306 198 1371 Interea
221 1311 336 1373 saneta
357 1308 474 1372 tierent
496 1306 577 1372 haee
599 1308 727 1392 virgine
750 1308 859 1393 signa,

67 1395 200 1460 Invidus
223 1395 290 1477 ille,
313 1396 429 1480 malus,
452 1417 579 1478 saevus,
601 1397 813 1480 truculentus,
837 1417 975 1480 amarus,

70 1484 217 1549 Daemon
241 1485 327 1548 enim
353 1484 506 1549 trendens
529 1483 719 1548 rabidorum
742 1505 831 1548 more
854 1485 993 1569 leonum,

15 1590 50 1639 7ο
69 1572 185 1637 Militis
208 1572 316 1638 Italici
340 1594 395 1638 eor
417 1576 582 1656 presserat
604 1576 702 1657 atque
724 1571 856 1656 fatIgat3

69 1660 179 1726 Suasit
202 1661 288 1725 enim
311 1662 424 1746 poenis
447 1661 538 1726 illam
563 1661 715 1725 damnare
738 1660 891 1744 eruentis,

70 1750 174 1826 Quam
197 1750 309 1815 statim
332 1754 411 1835 post
432 1771 468 1815 se
491 1771 607 1815 suasor
631 1751 837 1815 contraxerat
859 1749 938 1833 ipse.
1100 1771 1117 1812 r.
1127 1763 1169 1813 14'

69 1837 215 1923 Cumque
239 1842 405 1903 teneretur
427 1842 534 1903 taetro
559 1839 620 1902 sub
644 1838 783 1903 oareeris
807 1840 913 1921 antro,

68 1927 146 1992 Mox
168 1949 249 2011 puer
272 1927 445 1992 adveniens
470 1926 637 2012 ergastula
660 1925 812 1991 candidus
836 1925 949 1991 intrat.

16 2032 50 2082 76
70 2015 173 2091 Quem
195 2038 272 2080 mox
295 2020 332 2081 ut
355 2015 450 2100 vidit,
473 2015 520 2081 sio
542 2014 605 2080 tali
626 2015 748 2080 famine
772 2014 868 2079 dixit:

70 2103 131 2168 ‘Tu
153 2104 226 2189 quis
250 2105 336 2169 enim
358 2103 469 2187 fueris,
493 2125 550 2169 seu
569 2104 655 2189 quod
678 2105 745 2169 iam
767 2125 887 2168 nomen
909 2103 1069 2170 habebis?

68 2192 164 2256 Nune
187 2193 222 2257 in
245 2194 368 2258 honore
390 2193 438 2278 pii
461 2193 611 2258 mihimet
633 2214 702 2258 rem
726 2192 824 2258 dicito
848 2190 993 2258 Ohristi'

69 2280 159 2345 Tune
182 2302 262 2365 puer
284 2282 340 2345 ille
364 2283 437 2365 pius
460 2282 561 2347 nimio
584 2282 713 2368 fulgore
736 2284 883 2346 retentus

69 2369 163 2432 Talia
186 2369 270 2453 <ad>
294 2371 394 2435 verba
422 2392 532 2435 sacrae
559 2371 679 2456 legitur
702 2392 778 2435 mox
800 2370 900 2434 verba
922 2369 1081 2455 proferre:

15 2475 51 2523 80
71 2457 146 2541 Ἑη,
170 2480 240 2522 sum
263 2458 437 2524 Mauritius
459 2458 685 2523 Thebaeorum
710 2458 855 2544 germine
878 2464 975 2523 natus

68 2546 113 2609 Et
137 2551 232 2611 teneo
257 2551 404 2612 sanatam
427 2569 512 2612 nune
535 2547 686 2631 martyrii
705 2567 831 2631 quoque
849 2547 994 2629 palmam

69 2634 188 2699 Missus
213 2639 246 2700 et
270 2635 416 2700 aetheria
438 2636 569 2701 tibimet
592 2657 663 2699 sum
687 2634 823 2699 caelitus
847 2636 929 2719 aula,

69 2723 99 2787 A
124 2746 174 2788 me
199 2725 379 2789 subsidium
401 2728 587 2810 praestetur
610 2726 648 2788 ut
666 2744 762 2787 omne
780 2745 839 2807 per
857 2722 993 2788 aevum?

142 2956 176 3004 58
196 2951 353 3007 ‘inlustret'
376 2952 480 3007 ‘eeoos'
546 2954 581 3004 59
602 2949 713 3004 ‘uestis’
734 2947 820 3004 seribi
842 2948 1002 3003 institutum
1023 2949 1084 3003 erat

71 3026 104 3074 62
121 3022 215 3077 ‘turis’
268 3029 302 3077 63
318 3023 416 3077 ‘esuis'
473 3027 507 3076 64
523 3020 623 3075 ‘suere’
680 3025 714 3075 65
732 3020 851 3074 fortasse
868 3017 1006 3073 ‘Vultum’
1029 3019 1083 3073 ‘re-

71 3093 175 3161 caepit'
236 3100 270 3148 67
290 3111 326 3149 an
343 3092 488 3148 vocabulis
508 3092 618 3146 ‘fierent
635 3091 717 3146 haeo’
740 3090 827 3145 ‘daun'
847 3089 1083 3158 interponendum

70 3161 204 3218 videtur?
259 3171 293 3219 68
314 3164 421 3218 ‘senus'
478 3169 512 3219 69
532 3161 665 3217 ‘Damon’
723 3167 757 3216 79
777 3159 991 3230 ‘compresserat’
1049 3165 1082 3214 71

72 3234 176 3303 ‘penis'
194 3235 369 3304 ‘dampnare'
427 3239 460 3288 ‘12
475 3250 572 3290 versus
586 3232 768 3303 neglegentia
781 3230 890 3285 librarii
904 3230 947 3284 bis
961 3229 1084 3300 scriptus

72 3307 115 3360 est
133 3308 162 3359 et
180 3322 230 3360 suo
245 3305 309 3360 loeo
324 3307 353 3360 et
368 3308 433 3375 post
446 3324 472 3360 v.
485 3311 526 3373 70,
545 3303 601 3358 nisi
614 3302 690 3371 quod
707 3303 755 3357 hie
771 3301 883 3368 ‘Quem'
898 3318 950 3371 pro
962 3300 1082 3367 ‘Quam'

72 3377 163 3430 exstat
209 3381 242 3431 73
259 3377 355 3431 ‘tetro'
404 3381 437 3431 79
454 3377 514 3431 ‘ad'
529 3375 560 3429 in
579 3375 674 3430 eodi'ee
693 3372 774 3429 deest
794 3373 895 3428 ‘sacre’
941 3377 975 3429 80
992 3373 1088 3428 ‘Mau-

71 3447 166 3501 ricius'
189 3447 389 3501 ‘Thebeorum’
446 3452 480 3501 89
501 3446 664 3517 ‘prestetur'

125 3530 253 3597 Harmas,
268 3546 348 3585 Vmsn
363 3554 513 3588 sanorum.
907 3536 926 3586 2
