2354 3946
128 132 187 196 160
350 126 505 183 VIRGILII
522 125 688 180 MARONIS
706 124 916 185 seleuchus.

124 281 256 346 adiectis
277 279 462 345 nominibus
484 279 623 343 ueniunt
643 282 681 343 ut
701 279 869 357 coelestim,
891 279 1015 361 furtim.
1052 302 1145 363 quae·

124 367 198 430 dam
230 386 307 430 uero
340 387 379 429 ex
411 363 601 448 possessiuis
629 363 874 448 pronominibus
902 367 1083 428 nascuntur
1111 369 1146 428 ut

124 452 266 531 meatim,
289 452 467 514 nostratim.
503 447 660 532 quaedam
682 448 781 512 etiem
802 469 844 512 ex
859 448 1039 532 participiis
1055 450 1146 514 uerbi

125 537 245 620 passiui
260 537 297 598 ut
310 536 460 615 strictim,
482 533 684 616 sioyiltotim:
705 553 780 596 nam
795 533 922 615 simpillo
937 533 1013 596 trite
1028 533 1147 618 legitur

99 623 215 684 siuxta
236 618 315 683 illud
330 617 490 682 Domini
513 617 767 701 eloquentissimi
790 620 822 680 et
842 617 1072 682 modestissimi
1086 619 1146 682 uiri

126 705 277 768 dicentis:
299 723 364 768 noo
385 707 432 769 est
452 703 616 767 mediocris
636 701 687 766 uel
699 701 807 782 foedis
819 703 937 784 nepotic'
951 701 1069 767 bouum
1083 705 1143 767 sio·

123 789 238 872 pitture
265 809 288 853 o
316 789 409 852 malo.
452 785 601 850 nonnulli
630 785 728 849 etism
756 806 795 848 ex
822 786 934 869 primis
963 787 1146 851 nominibus

125 874 236 938 uenire
250 872 401 936 aduerbia
416 871 620 954 suspicentur
641 874 678 933 ut
686 870 826 953 purtim,
841 869 927 954 quod
942 869 986 935 sit
1001 892 1042 934 ex
1056 876 1146 956 parte

126 959 261 1035 dictum,
284 960 317 1021 et
337 957 528 1020 uoluntatem
551 977 589 1018 ex
610 954 789 1019 uoluntate.

88 1057 112 1096 1⁰
211 1041 295 1115 Quid
316 1039 426 1103 nunc?
460 1039 536 1122 quis
562 1041 601 1102 de
630 1037 791 1103 eduerbiis
812 1037 930 1102 alicubi
953 1038 1074 1104 dixisse
1097 1062 1146 1104 me

124 1125 281 1206 arbitror,
305 1144 406 1188 sermo
427 1122 622 1187 breuiundus
642 1125 706 1206 est;
731 1126 807 1187 aute
829 1123 920 1186 cuius
941 1123 1041 1186 finem
1069 1123 1146 1188 illud

124 1208 205 1272 mihi
222 1208 377 1272 Aeneae
399 1206 642 1271 memorandum
665 1210 730 1291 est,
753 1206 837 1291 quod
859 1227 933 1270 cum
948 1207 1145 1294 interrogas-

125 1313 192 1356 sem
215 1314 304 1373 eum,
328 1295 479 1356 utrumne
502 1292 656 1355 aducrbiu
679 1291 820 1390 conponi
842 1291 985 1375 possint,
1008 1295 1095 1358 sicut
1115 1297 1147 1358 et

126 1381 248 1442 ceterae
276 1377 431 1441 orationis
454 1380 578 1460 partes,
607 1376 654 1440 ita
675 1375 755 1440 miln
776 1375 959 1460 respondit:
998 1378 1075 1461 quid
1097 1399 1147 1442 me

89 1483 113 1524 rs
126 1463 308 1546 interrogas
329 1461 363 1525 id
386 1461 469 1545 quod
491 1461 603 1525 tritum
619 1461 691 1525 est?
721 1481 797 1525 nam
812 1460 967 1524 aduerbia
982 1461 1061 1526 duas
1076 1483 1147 1527 con·

126 1547 321 1630 positionum
357 1545 486 1630 regulas
524 1545 662 1629 hebent3
698 1545 818 1628 prima,
857 1552 938 1628 quae
973 1547 1148 1610 secundum

127 1635 252 1716 partem
280 1653 319 1695 ex
340 1653 403 1716 qua
423 1631 533 1694 ueniet
554 1629 754 1714 intellegitur
776 1633 814 1693 ut
834 1631 935 1694 edocte
955 1631 1079 1696 indocte
1099 1633 1148 1696 in·

127 1718 276 1799 sipieoter
304 1718 406 1798 inepte
432 1715 594 1798 reprobate
622 1733 773 1796 appense:
806 1712 963 1796 secunda,
999 1737 1084 1799 quae
1116 1716 1149 1779 in

129 1802 290 1865 aduerbiis
312 1801 468 1865 localibus
492 1799 693 1863 subiunctiue
708 1801 862 1881 ponetur3
885 1797 977 1862 cuius
992 1799 1040 1899 pei
1056 1821 1149 1864 causo

91 1907 115 1946 so
129 1886 207 1968 erit,
237 1907 310 1949 oum
338 1885 425 1949 aliud
453 1884 553 1949 locale
581 1883 768 1948 aduerbium
795 1883 830 1946 in
852 1903 1054 1968 quecumque
1077 1884 1149 1949 scri·

129 1971 240 2053 ptione
262 1969 480 2053 praecesserit.
518 1971 597 2032 tunc
619 1967 700 2032 dicis
723 1967 852 2051 ibidem,
876 1966 961 2031 sicut
984 1969 1082 2033 etium
1097 1969 1148 2033 hic

130 2075 198 2117 mos
213 2055 248 2117 in
264 2053 506 2136 pronominibus
522 2053 687 2135 sepissime
702 2051 880 2135 inuenitur,
903 2052 1033 2136 quando
1049 2053 1148 2118 cuius·

128 2137 208 2200 libet
229 2158 368 2220 persons
389 2140 465 2200 ante
487 2135 613 2218 prolata
634 2157 781 2200 sermone
795 2141 1011 2221 prosequente
1026 2137 1150 2203 dicutur

129 2222 211 2285 idem
238 2220 291 2283 uel
319 2221 436 2286 eudem.
475 2224 524 2284 est
546 2223 643 2284 etiem
665 2220 851 2284 uduerbium
880 2220 1019 2286 ablotiui
1042 2242 1148 2287 cassus

91 2320 116 2360 2⁵
130 2304 361 2387 pronominalis
384 2304 488 2368 simile
510 2308 546 2366 ut
567 2304 638 2369 cllo:
661 2326 737 2368 nam
759 2325 833 2388 sepe
855 2304 992 2369 dicimus
1015 2307 1071 2373 illo
1086 2307 1147 2373 cci·

130 2391 245 2468 bimum,
279 2388 341 2452 hoc
375 2392 424 2452 est
452 2388 535 2454 illoc.
578 2388 624 2453 sic
653 2393 685 2454 et
712 2409 787 2471 quo,
823 2409 895 2453 cum
924 2389 1061 2456 dicimus
1090 2410 1148 2475 quo

129 2475 261 2538 uadunt.
300 2472 355 2536 sed
376 2472 456 2537 haec
478 2473 631 2537 aduerbis
652 2473 783 2538 mobilia
805 2494 932 2556 semper
952 2480 1040 2540 sunt.
1078 2475 1150 2575 quis

131 2561 236 2621 autem
251 2556 315 2621 hiis
330 2558 424 2622 dictis
441 2579 537 2642 supra
550 2561 747 2622 memoratus
764 2559 919 2623 Aeneas
935 2580 1028 2624 suum
1043 2559 1149 2624 timuit

131 2663 324 2721 sermonem,
354 2642 433 2706 mihi
463 2664 589 2726 quoquc
620 2644 704 2706 hano
726 2642 894 2725 epistolum
917 2644 1075 2709 scribenti
1096 2645 1147 2709 hic

93 2744 118 2785 eo
130 2727 286 2791 terminus
308 2728 474 2810 ponendus
498 2736 556 2792 est.

202 2971 214 3016 1
234 2963 363 3033 adiectis]
384 2979 418 3016 ex
436 2964 501 3020 odd.
520 2964 584 3017 Mai
597 2965 606 3032 ΙΙ
619 2963 715 3018 fortim
733 2967 764 3020 N
775 2966 812 3034 ll?
830 2966 863 3018 ut
886 2963 970 3018 adN
979 2979 1048 3022 corr.
1061 2965 1125 3018 Mai
1135 2963 1146 3032 ΙΙ

133 3039 148 3085 5
167 3031 214 3085 dni
232 3031 276 3097 N,
295 3031 398 3085 Donati
415 3032 485 3089 coni.
497 3032 561 3085 Mai
573 3033 583 3100 ll
597 3039 626 3085 11
646 3031 815 3087 breviendus
874 3033 884 3100 ΙΙ
899 3038 930 3086 13
947 3031 1037 3102 possit
1053 3032 1088 3087 N
1096 3033 1106 3100 l
1120 3036 1149 3084 14

134 3116 197 3183 quit
207 3115 241 3193 N
249 3116 259 3184 ΙΙ
273 3121 304 3171 17
324 3116 422 3188 edocte
434 3115 468 3169 N
477 3116 487 3183 ll
500 3122 532 3170 25
546 3116 709 3184 prominslis
721 3118 755 3172 N
763 3132 831 3176 corr.
844 3116 909 3170 Mai
919 3103 1005 3238 lpm
1021 3132 1078 3184 quo
1096 3115 1129 3170 N
1134 3115 1148 3184 ΙΙ

135 3189 166 3235 ss
186 3183 336 3250 ep1stulsm
353 3184 405 3251 mn
418 3182 584 3238 excusem
603 3183 754 3248 Qucum
773 3185 821 3239 on
840 3184 916 3239 on
943 3175 1037 3238 snm.
