2354 3946
123 193 182 256 106
346 187 500 244 VIRGILII
518 186 683 242 MAltONlS
701 185 909 242 EPISTOLAE.

205 341 295 406 Haec
329 342 438 406 cadem
471 341 657 406 uaticinatio
685 341 720 404 in
748 341 799 404 his
827 361 915 404 nunc
941 341 1140 423 temporibus

120 428 247 492 uidetur
270 448 338 491 esse
360 427 524 509 conpleta,
548 447 620 490 cum
635 425 701 490 sole
716 425 772 489 illo
788 445 856 489 non
871 425 1042 506 temporali
1057 429 1139 507 orto,

121 512 177 576 sed
206 533 281 576 uero
311 514 343 575 et
372 510 529 594 perhenni
557 511 625 574 filio
657 511 722 590 dei,
755 511 874 574 flumen
902 508 981 572 illud
1009 510 1141 574 uineum

122 598 301 680 scripturae
324 596 469 660 caelestis
492 616 546 659 cor
567 594 708 660 hominis
730 594 792 659 hoc
814 597 864 658 cst
885 593 984 658 totius
1007 594 1140 659 humani

97 682 250 769 cgeneris
272 681 475 745 laetificantis
498 681 587 745 omni
609 679 736 744 influxit
757 683 875 744 terrae:
900 679 951 742 cui
974 699 1076 763 aquae
1098 681 1140 743 ri·

120 767 214 830 uulus
242 764 275 829 id
303 769 352 830 est
373 765 595 849 philosophiae
617 764 650 828 id
673 767 721 828 est
743 763 976 848 eloquentiola,
1005 786 1088 848 quae
1110 769 1142 829 et

120 851 191 934 ipsa
213 851 325 915 uinum
348 851 461 914 effecta
484 856 546 932 est,
569 849 745 932 scripturae
767 851 921 912 ammixta
937 849 1085 934 caelesti,
1107 851 1142 913 in

121 957 185 1018 quo
212 936 344 998 flumine
372 934 466 998 uituli
491 939 523 998 et
550 935 629 1017 agni
650 934 780 1012 ludunt,
810 935 941 997 iuuenes
964 933 1089 998 scilicet
1110 940 1142 999 et

121 1020 256 1102 pennati
278 1018 423 1082 sensibus
447 1020 644 1102 ouantesque
672 1017 904 1102 epithalamion
927 1017 1081 1101 cytharae
1104 1041 1141 1084 ac

82 1123 107 1161 ιο
120 1103 147 1168 si
174 1102 338 1167 modolatu
367 1105 581 1185 congruenter
603 1106 740 1186 apteque
763 1104 950 1186 decantant,
978 1104 1141 1187 nuptiales

120 1187 243 1250 scilicet
269 1187 537 1251 seratissimorum
571 1190 685 1250 cantus
717 1188 940 1251 conuiuiorum
967 1192 1139 1270 ponentes:

120 1292 256 1354 quorum
283 1291 361 1335 uoce
389 1271 499 1335 audita
529 1272 652 1335 caelum
675 1274 707 1335 et
728 1275 814 1336 terra
836 1271 996 1355 spirltales
1019 1273 1141 1338 scilicet

119 1360 152 1418 et
174 1356 317 1419 carnales
340 1355 487 1420 homines
509 1357 653 1440 gaudent
676 1359 708 1419 et
729 1357 943 1440 gratulantur.

205 1439 349 1515 Quorum
381 1462 480 1519 unus,
515 1441 699 1524 gratissime
732 1461 769 1505 ac
802 1440 1010 1504 dilectissime
1041 1441 1141 1505 frater

82 1541 108 1582 15
119 1524 181 1588 iuli
211 1525 358 1603 diacone,
388 1525 563 1609 scripturae
586 1525 715 1589 diuinae
745 1530 777 1589 et
800 1525 945 1590 caelestis
973 1526 1139 1591 doctrinae

119 1609 346 1674 iocundissimo
373 1609 552 1674 inebriatus
581 1611 657 1673 uino
680 1631 816 1693 paruum
839 1629 966 1693 quoque
989 1610 1077 1675 hunc
1099 1611 1140 1674 ri-

120 1695 231 1759 uulum
262 1693 507 1779 philosophicae
539 1693 716 1778 sapientiae
749 1695 784 1758 in
814 1697 942 1758 tantum
971 1694 1055 1759 bibis
1105 1698 1141 1758 ut

121 1781 219 1845 etiam
242 1801 366 1864 eorum,
396 1780 450 1863 qui
473 1779 514 1842 ab
536 1780 629 1843 initio
650 1779 776 1842 fundati
797 1779 885 1842 orbis
908 1745 1140 1863 philosophicis

121 1864 257 1928 floruere
284 1864 419 1949 eloquiis
441 1885 478 1929 ac
500 1865 661 1945 sensibus,
690 1884 756 1928 non
779 1863 882 1927 solum
905 1864 1138 1947 aequiperator,

82 1950 177 2013 used
200 1950 297 2014 etiam
319 1970 505 2032 praecessor
528 1949 696 2013 exstiteris.
730 1948 816 2012 unde
837 1949 1048 2031 perscrutatis
1071 1970 1141 2032 per·

119 2033 276 2116 lectisque
304 2034 447 2098 omnium
475 2032 741 2117 philosophorum
768 2032 859 2096 libris
887 2053 997 2097 omnes
1029 2053 1140 2097 eorum

120 2120 354 2183 controuersias
382 2118 529 2200 prudenti
558 2121 590 2180 et
617 2121 718 2201 gnoto
746 2117 839 2180 corde
861 2137 1064 2201 concoquens
1087 2119 1139 2181 ob-

120 2201 318 2265 scurissimas
347 2204 379 2264 et
408 2201 616 2264 difficillimas
644 2202 848 2285 quaestiones
877 2201 1028 2286 diligenti
1049 2201 1137 2265 inda·

119 2289 211 2369 getas
235 2285 381 2348 examine
397 2285 437 2348 ad
456 2306 507 2349 me
529 2285 625 2348 uelud
642 2287 682 2349 ad
704 2285 841 2349 iudicem
863 2285 1139 2370 certissimumque

81 2389 106 2430 25
119 2369 258 2432 limitum
281 2371 375 2451 atque
394 2369 520 2432 uiarum
535 2369 673 2433 indicem
681 2418 691 2453 ‚
713 2371 824 2434 multis
840 2370 985 2453 epistolis
1001 2370 1139 2455 dirigere

119 2455 271 2537 dIgnatus
299 2473 348 2536 es,
377 2473 444 2516 non
473 2475 535 2536 quo
564 2474 623 2538 ego
653 2454 796 2518 omnium
822 2454 1036 2538 peritissimus
1067 2455 1137 2537 sim,

119 2539 175 2602 sed
198 2560 260 2623 quo
282 2538 373 2620 quasi
395 2537 435 2601 ad
458 2539 599 2603 sodalem
622 2539 671 2602 tui
692 2540 850 2622 uniusque
865 2539 939 2603 fidei
956 2543 1138 2603 consortem

119 2623 299 2687 fiducialius
332 2621 482 2686 habueris
512 2623 551 2688 de
578 2622 761 2687 huiusmodi
788 2623 1029 2706 quaestionibus
1057 2624 1139 2688 mira

119 2708 266 2791 dirigere.

82 2813 107 2852 sc
204 2790 294 2855 Inter
323 2791 401 2855 haec
428 2791 569 2854 maxima
590 2792 624 2854 in
646 2795 704 2855 tuo
727 2791 834 2855 animo
857 2792 941 2855 sedit
962 2813 1074 2875 causa,
1104 2795 1138 2856 ut

119 2879 157 2942 de
180 2874 259 2942 VIII
281 2876 433 2940 orationis
462 2876 623 2959 partibus,
651 2877 686 2940 in
717 2877 831 2960 quibus
857 2877 1015 2960 plurimae
1044 2898 1138 2960 quae·

187 3120 203 3166 3
222 3113 359 3182 perrenni
375 3112 409 3166 N
422 3112 432 3179 n
450 3117 465 3165 r
484 3078 621 3165 asnaa
645 3111 675 3178 (c
692 3129 728 3167 a.
748 3113 796 3180 αι.)
820 3113 854 3167 N
867 3113 910 3181 ns
934 3080 1137 3180 ephraimes

120 3182 218 3293 cytiie
231 3214 281 3282 Nl
298 3221 329 3268 10
342 3191 487 3292 modblatu
505 3213 539 3266 N
553 3214 562 3280 ΙΙ
581 3211 692 3281 aptaeqe
707 3214 741 3293 N
757 3216 766 3282 ΙΙ
784 3213 910 3282 nuptiale
928 3212 962 3266 N
973 3212 985 3282 ΙΙ
1004 3218 1035 3265 12
1058 3211 1136 3280 spiri·

118 3281 223 3402 ital
240 3282 304 3418 bii
319 3281 878 3418 tltt⁰ll³³⁸glulst=⁹grtspttlt
891 3281 1139 3414 tltttbtt

118 3417 128 3465 i
149 3416 210 3492 nito
232 3417 244 3492 l·
255 3422 287 3470 23
305 3415 453 3494 indagatos
470 3393 504 3470 N
519 3431 587 3494 corr:
606 3415 671 3495 Mai
692 3418 696 3483 Ι
714 3421 747 3468 24
764 3388 873 3466 veslud
886 3386 913 3476 '(l
932 3418 1013 3493 eras.)
1032 3414 1066 3468 N
1084 3415 1088 3481 1
1107 3419 1138 3468 28

141 3481 224 3534 ducra
236 3484 290 3551 rus]
312 3483 444 3538 fiduciale
462 3502 505 3539 1us
523 3498 593 3539 coac.
605 3483 687 3550 Most
705 3488 736 3535 31
757 3478 853 3531 VIIIto
873 3480 1048 3534 oranombus
1098 3523 1103 3535 .
