2354 3946
442 193 489 248 IX.
517 193 607 248 VITA
631 191 658 248 S.
677 191 829 248 GISLENI.
979 196 984 205 '
1081 194 1145 259 173

58 373 114 422 636
134 355 338 440 Aldegundis
362 378 464 421 ovans
488 378 595 421 caram
620 356 787 439 repedavit
810 357 851 420 ad
875 357 996 440 aulam,

135 443 204 520 Quo
229 445 292 509 sibi
314 444 495 530 virgineam
520 444 659 509 candens
684 447 844 509 asciverat
867 446 985 510 aulam.

135 618 215 684 Quod
234 618 361 688 pontifex
380 618 425 674 dei
444 618 590 673 Amandus
609 635 643 673 ex
661 618 755 674 carnis
773 620 917 688 ergastulo
936 620 1100 689 migraverit
1118 622 1147 675 et

152 690 228 744 idem
246 690 327 759 virgo
344 688 518 760 Aldegundis
537 689 638 760 angelo
658 691 775 745 docente
793 708 846 760 per
864 692 1000 746 visionem
1017 691 1127 746 viderit.

134 798 220 864 Hinc
244 799 340 863 decus
364 799 523 862 Helnonis
546 800 693 885 fraglans
718 803 864 864 aromate
887 800 991 864 laudis

135 889 305 954 Virtutum
329 891 363 951 et
385 887 492 951 titulis
516 889 683 971 complens
708 893 918 972 austrumque
943 889 1111 974 solumque

134 976 272 1042 Efflavit
295 976 410 1040 flatum
433 998 610 1060 properans
635 976 676 1040 ad
700 1000 827 1041 summa
850 978 1009 1061 polorum.

61 1082 116 1131 640
135 1064 266 1129 Adsunt
289 1068 321 1128 et
344 1064 439 1128 multi
462 1065 637 1130 candentes
660 1066 731 1129 luce
754 1066 930 1149 frequenti,

136 1153 333 1239 Adgandent
356 1156 479 1235 sancto,
501 1155 639 1219 reboant
662 1153 816 1237 prosodia
837 1158 926 1235 voto,

136 1241 288 1306 Tendunt
311 1241 352 1306 ad
376 1242 483 1326 superi
507 1242 631 1325 pariter
653 1242 789 1328 fastigia
811 1242 907 1328 regis.

136 1329 212 1394 Flos
236 1333 313 1395 tunc
336 1330 493 1395 Malbodii
516 1335 643 1396 certans
668 1332 728 1396 sub
753 1331 827 1396 dote
851 1330 983 1414 pudoris

138 1419 251 1482 Artius
276 1419 419 1484 excubiis
443 1441 560 1503 corpus
584 1425 727 1485 mactare
751 1420 866 1485 beatis.

63 1524 117 1573 646
137 1507 198 1571 His
221 1508 350 1572 fervens
374 1507 513 1572 modulis
536 1507 640 1573 intrat
661 1509 842 1592 penetralia
864 1509 994 1592 templi,

138 1593 260 1660 Cursus
284 1598 358 1665 dum
382 1596 532 1680 proprios
557 1597 701 1681 expleret
723 1617 787 1660 nox
812 1597 874 1660 sibi
897 1597 996 1680 latos3

136 1685 290 1749 Promere
314 1685 488 1750 mellifluas
511 1685 607 1771 digne
630 1689 708 1750 tunc
730 1685 845 1770 incipit
868 1684 947 1749 odas

137 1773 186 1837 Ac
209 1773 291 1838 caeli
315 1773 468 1838 lacrimae
491 1775 711 1839 conscendunt
733 1774 835 1839 ardua
856 1773 957 1838 fusae.

138 1861 294 1927 Membris
319 1863 374 1926 sed
398 1862 495 1926 lassis
519 1884 594 1927 caro
619 1863 747 1927 dulcore
770 1862 893 1927 laboris

64 1966 118 2017 660
139 1948 292 2035 Obrepsit
316 1973 448 2015 somnus
472 1951 653 2016 demulcens
677 1951 823 2034 corporis
847 1954 946 2016 artus.

137 2038 223 2103 Hinc
247 2039 319 2104 loca
342 2040 430 2104 clara
453 2041 537 2124 petit
558 2039 776 2125 paranymphi
799 2039 907 2104 dedita
930 2039 1029 2124 curis3

139 2125 306 2212 Conspicit
329 2133 426 2212 atque
446 2132 568 2213 manet3
592 2129 669 2213 quid
692 2129 748 2213 sit,
772 2150 841 2194 non
859 2150 1013 2214 quaerere
1033 2128 1148 2192 differt.

139 2213 261 2280 Causas
287 2239 364 2281 aure
387 2217 486 2301 bibit3
508 2239 624 2301 praeco
647 2240 724 2282 nam
747 2217 886 2282 caelicus
909 2218 1029 2302 inquit:

139 2304 286 2369 ‘Lumine
310 2327 391 2389 quae
415 2307 535 2390 tangis,
559 2306 735 2390 spiramine
759 2307 845 2372 disce
869 2307 1025 2372 docentis:

65 2408 119 2459 666
138 2391 264 2458 Doctor
286 2394 445 2458 veridicus
468 2396 557 2459 caelo
582 2416 616 2459 se
640 2394 755 2460 miscet
777 2395 959 2480 Amandus3

140 2479 261 2546 Cursus
284 2505 362 2547 narn
385 2483 472 2547 vitae
496 2484 660 2568 supplevit
681 2483 746 2549 iam
770 2485 981 2549 venerandae.

139 2569 275 2635 Vallant
297 2571 383 2636 hunc
406 2572 531 2652 turbae,
555 2571 712 2637 scelerum
737 2594 817 2657 quas
842 2573 931 2635 exuit
954 2573 1088 2638 umbrae

138 2657 324 2744 Assignans
347 2660 423 2723 fidei
446 2659 556 2725 dotem
581 2659 784 2724 subscribere
808 2660 910 2724 menti

138 2745 304 2830 Dogmata
328 2749 501 2814 verborum
524 2748 693 2814 cumulans
719 2751 751 2811 et
774 2752 882 2812 castra
905 2748 1064 2830 polorum.

64 2835 217 2903 ecclsiis
242 2840 374 2921 saeptus
399 2838 483 2921 abit,
506 2841 611 2902 rector
635 2859 698 2921 quo
722 2841 838 2901 vernat
861 2834 1013 2922 Olympi?

139 2924 232 2989 Dixit
255 2930 287 2990 et
311 2925 345 2989 in
370 2925 495 2990 caelum
518 2926 652 3010 paribus
677 2935 721 2990 se¹
735 2925 868 2989 sustulit
892 2925 961 2990 alis.

138 3059 352 3070 *-

211 3142 264 3190 636
284 3134 480 3205 ‘Aldegondis'
535 3142 586 3191 636
605 3135 785 3190 ‘adsciuerat’
803 3166 836 3174 -
852 3134 1030 3202 ‘adegundis’
1048 3165 1081 3175 -
1101 3141 1152 3190 637

141 3205 273 3262 ‘elnonis'
292 3206 422 3262 ‘armate’
440 3222 456 3260 o
476 3223 625 3276 superscr.;
645 3207 712 3260 item
729 3205 929 3260 ‘thimiamata’
947 3221 1032 3274 supra
1049 3206 1155 3261 lineam

139 3276 265 3348 positum
320 3284 373 3332 640
393 3276 497 3331 ‘multi’
519 3294 653 3351 superscr.
673 3276 748 3332 ‘uiri’
806 3281 858 3331 648
879 3276 1017 3332 ‘centana'
1038 3277 1116 3346 prius
1134 3297 1153 3331 n

139 3350 170 3402 in
192 3348 409 3403 remandatum
472 3352 526 3403 644
545 3348 675 3419 ‘conpus’
695 3368 714 3402 n
737 3346 767 3402 in
790 3367 805 3402 r
828 3350 983 3403 correctum
1004 3347 1150 3403 ‘mactare'

141 3418 216 3473 ‘bat’
237 3435 372 3488 superscr.
436 3425 488 3474 649
509 3420 655 3475 ‘Menbris’
713 3424 764 3475 660
785 3419 934 3475 ‘Obrcssit'
954 3419 1031 3488 prius
1056 3436 1068 3471 s
1086 3419 1115 3473 in
1134 3437 1153 3489 p

139 3491 298 3544 correctum
367 3494 417 3545 661
436 3491 638 3560 ‘paranimphi'
704 3497 755 3547 662
777 3491 915 3559 ‘querere'
977 3496 1028 3545 667
1050 3490 1152 3545 ‘ibrae’

139 3565 194 3616 660
215 3560 335 3631 ‘septus’
358 3560 502 3630 ‘olimphi’
559 3567 610 3617 661
628 3561 784 3617 ‘substulit'
805 3564 823 3616 b
842 3578 950 3618 erasum
