2422 3976
414 213 475 272 vn.
502 211 626 270 PASSIO
646 212 673 268 S.
691 211 863 268 ARNULFI.
1078 211 1141 276 111

130 374 219 440 Voce
242 376 333 440 velut
355 375 479 440 domini
502 375 604 440 ‘Meus
628 376 668 460 0,'
692 374 840 458 dicentis,
862 373 984 459 ‘amice

130 464 239 529 Altius
264 464 439 529 ascendens
464 486 572 530 coram
594 463 812 529 residentibus
836 468 907 528 esto

56 570 112 620 690
130 552 262 617 Laetior
285 556 318 617 et
341 552 432 616 nullo
456 574 584 638 semper
607 553 768 617 cariturus
793 550 929 616 honore'

132 640 273 706 Tollitur
296 664 316 705 a
338 641 464 706 cunctis
487 641 521 704 in
545 640 653 705 sedem
676 640 887 724 pontificatus

131 729 265 795 Maioris
288 732 456 814 tamquam
480 729 614 794 candela
637 733 745 794 erecta
763 732 880 813 parato

130 817 169 882 In
192 817 386 883 candelabro
409 839 554 903 purgans
578 819 716 883 obscura
740 817 920 883 domorum.

132 904 194 981 Qui
215 906 306 989 prius
328 906 500 991 indignum
523 927 557 970 se
580 906 766 970 testabatur
788 906 912 970 honore

58 1009 111 1061 695
130 992 202 1060 Hoc
226 1016 354 1061 summo
376 994 581 1080 ingeminans
608 1015 712 1080 neque
734 994 786 1060 fas
810 1015 916 1079 neque
938 996 1011 1060 iura
1033 995 1143 1061 farere
1178 1010 1188 1016 ’

130 1083 275 1148 Ausibus
298 1083 351 1147 his
373 1106 433 1149 nec
456 1105 552 1167 posse
575 1083 642 1147 suis
665 1083 729 1149 hoc
750 1082 874 1148 viribus
897 1084 961 1168 uti;

131 1169 193 1236 Sed
217 1171 340 1256 coeptis
363 1171 458 1236 illum
482 1177 637 1255 superant
660 1172 875 1237 communiter
898 1193 1018 1237 omnes.

130 1259 194 1324 Asc
217 1260 274 1324 ubi
297 1261 442 1344 suscepit
463 1260 613 1345 regimen
632 1263 702 1324 tam
726 1260 848 1343 mande
872 1261 1067 1343 animarum,

131 1347 208 1412 Otia
229 1370 296 1413 non
318 1349 411 1412 illum
434 1371 493 1434 per
515 1347 625 1414 inania
647 1349 717 1412 rita
740 1347 860 1432 fatigat

59 1453 111 1502 τοο
130 1435 200 1501 Nec
222 1440 352 1519 tempus
375 1459 459 1502 rano
483 1458 612 1503 cassum
635 1436 797 1521 vertigine
820 1436 937 1501 volvit:

131 1524 259 1608 Torpor
282 1525 465 1610 discutitur,
486 1547 554 1591 non
578 1545 705 1609 serpere
728 1524 835 1588 taedia
858 1524 986 1607 suadet,
1158 1546 1175 1586 r.

129 1611 235 1677 Immo
259 1634 375 1699 gerens
399 1635 510 1679 curam
533 1613 597 1679 sibi
619 1609 786 1678 commissi
808 1612 918 1698 gregis
942 1616 1041 1696 atque

129 1701 273 1787 Pervigil
294 1702 485 1768 incumbens
510 1700 653 1767 studium
677 1704 819 1766 sectatur
842 1699 940 1765 Iacob

343 1857 514 1930 [Descriptio
533 1827 693 1913 certaminis
710 1855 789 1911 beati
806 1855 927 1929 Arnulfi]

130 1965 179 2030 Ac
203 1987 237 2030 se
259 1966 446 2051 postposito
470 1967 651 2032 subiectum
674 1970 767 2030 curat
790 1964 884 2030 ovile.

58 2072 110 2120 705
130 2051 268 2138 Supplet
290 2055 332 2118 ob
356 2054 418 2119 hoc
440 2054 548 2119 fetura
570 2071 704 2139 gregem
727 2054 786 2118 sub
810 2054 926 2119 fomite
949 2053 1035 2118 tanti

129 2141 287 2225 Pastoris,
310 2143 365 2226 qui
389 2148 503 2227 saepta
525 2143 636 2208 orium
659 2147 869 2227 augmentata
890 2141 1077 2227 frequenter

130 2230 279 2315 Undique
303 2234 477 2316 scrutatur,
500 2231 720 2316 circumspicit
744 2236 840 2315 atque
863 2233 982 2315 tuetur,

128 2318 179 2384 Ne
202 2321 302 2402 lupus
322 2323 380 2384 aut
401 2321 534 2385 morbus
558 2321 691 2385 valeant
713 2320 890 2391 subducere
914 2320 1098 2406 quidquam.

128 2407 273 2471 Plurima
297 2408 382 2474 dona
405 2408 472 2472 suis
496 2408 645 2473 dominus
669 2409 811 2493 largitur
834 2409 985 2494 alumnis,

57 2513 109 2562 710
130 2493 273 2570 Quorum
296 2497 452 2562 mirificos
475 2497 614 2562 miratur
636 2500 726 2561 terra
748 2498 941 2581 triumphos,

129 2583 217 2660 Quos
239 2584 383 2650 humana
404 2586 517 2670 nequit
538 2585 692 2650 facundia
714 2584 819 2650 dicere
843 2589 985 2668 cunctoS,

129 2671 163 2736 Si
186 2673 315 2756 linguas
339 2674 436 2739 etiam
460 2677 589 2740 centum
612 2677 740 2739 ructare
763 2669 895 2738 valer'et.

128 2759 155 2825 0
179 2762 260 2826 mihi
284 2763 312 2827 si
336 2763 499 2846 quandam
521 2762 648 2826 tribuat
671 2761 821 2826 dominus
845 2761 1029 2827 dominator

127 2848 255 2935 Ingenii
276 2873 407 2937 renam,
431 2873 495 2936 qua
517 2850 641 2935 possim
665 2849 780 2914 militis
804 2849 883 2930 eius,

56 2956 109 3006 715
128 2939 271 3021 Arnulfi,
294 2961 389 3024 quem
412 2961 473 3005 nos
497 2938 634 3004 colimus
656 2938 754 3002 nimis
777 2937 869 3004 hicce
891 2938 1064 3020 iacentem,

126 3025 258 3091 Partem
282 3049 416 3112 operum
440 3049 620 3091 memorare
643 3027 712 3092 stili
735 3027 913 3092 conamine.
950 3023 1111 3107 Clemens,

128 3113 221 3190 Quod
244 3115 350 3180 minus
374 3116 481 3181 estin
502 3137 563 3198 me,
590 3118 692 3200 pater,
717 3115 750 3179 id
774 3136 868 3198 prece
891 3114 1009 3199 perfice
1032 3113 1140 3199 digne.

127 3203 223 3269 Nunc
247 3208 398 3289 coeptum
421 3206 589 3289 repetatur
610 3205 682 3268 iter.
728 3203 831 3268 Moris
854 3202 918 3267 fuit
942 3203 1020 3287 eius,

199 3431 369 3489 690‘letior’
413 3430 634 3498 cer‘tanquam’
678 3430 853 3499 bel‘ceptis’
902 3436 954 3486 699
966 3428 1137 3499 ‘perimi‘

127 3505 178 3557 701
196 3503 296 3558 ‘tedia’
313 3532 347 3544 -
367 3504 563 3572 argumentum
577 3501 608 3556 in
621 3503 748 3572 margine
763 3500 900 3572 scriptum
918 3533 951 3544 -
968 3506 1019 3557 706
1033 3501 1072 3557 ‘sc

128 3576 180 3629 708
200 3573 374 3643 ‘quicquam'
432 3577 483 3628 718
504 3572 639 3641 ‘ceptum’
