<?xml version="1.0" encoding="UTF-8"?>
<!DOCTYPE html PUBLIC "-//W3C//DTD XHTML 1.0 Transitional//EN"
    "http://www.w3.org/TR/xhtml1/DTD/xhtml1-transitional.dtd">
<html xmlns="http://www.w3.org/1999/xhtml" xml:lang="en" lang="en">
 <head>
  <title>
</title>
<meta http-equiv="Content-Type" content="text/html;charset=utf-8" />
  <meta name='ocr-system' content='tesseract 3.04.00' />
  <meta name='ocr-capabilities' content='ocr_page ocr_carea ocr_par ocr_line ocrx_word'/>
</head>
<body>
  <div class='ocr_page' id='page_1' title='image "./grammaticiopera00virggoog_0013.png"; bbox 0 0 2354 3946; ppageno 0'>
   <div class='ocr_carea' id='block_1_1' title="bbox 112 126 729 183">
    <p class='ocr_par' dir='ltr' id='par_1_1' title="bbox 112 126 729 183">
     <span class='ocr_line' id='line_1_1' title="bbox 112 126 729 183; baseline -0.003 0"><span class='ocrx_word' id='word_1_1' title='bbox 112 127 180 183; x_wconf 86' lang='lat' dir='ltr'>VIII</span> <span class='ocrx_word' id='word_1_2' title='bbox 513 126 729 182; x_wconf 78' lang='lat' dir='ltr'>PRAEFATIO.</span> 
     </span>
    </p>
   </div>
   <div class='ocr_carea' id='block_1_2' title="bbox 109 309 1128 3491">
    <p class='ocr_par' dir='ltr' id='par_1_2' title="bbox 113 309 1124 479">
     <span class='ocr_line' id='line_1_2' title="bbox 113 309 1124 393; baseline 0 -20"><span class='ocrx_word' id='word_1_3' title='bbox 113 314 166 373; x_wconf 76' lang='lat' dir='ltr'>nn</span> <span class='ocrx_word' id='word_1_4' title='bbox 181 310 399 389; x_wconf 80' lang='lat' dir='ltr'>ADUERBIO,</span> <span class='ocrx_word' id='word_1_5' title='bbox 417 312 462 373; x_wconf 92' lang='lat' dir='ltr'>De</span> <span class='ocrx_word' id='word_1_6' title='bbox 479 311 647 389; x_wconf 88' lang='lat' dir='ltr'>participio,</span> <span class='ocrx_word' id='word_1_7' title='bbox 666 312 720 371; x_wconf 83' lang='lat' dir='ltr'>nn</span> <span class='ocrx_word' id='word_1_8' title='bbox 740 309 1055 393; x_wconf 71' lang='lat' dir='ltr'>CONIUNCTIONE,</span> <span class='ocrx_word' id='word_1_9' title='bbox 1074 314 1124 373; x_wconf 84' lang='lat' dir='ltr'>DE</span> 
     </span>
     <span class='ocr_line' id='line_1_3' title="bbox 113 399 870 479; baseline -0.004 -18"><span class='ocrx_word' id='word_1_10' title='bbox 113 400 443 479; x_wconf 81' lang='lat' dir='ltr'>PRAIIPOSITIONE,</span> <span class='ocrx_word' id='word_1_11' title='bbox 466 401 518 459; x_wconf 81' lang='lat' dir='ltr'>DII</span> <span class='ocrx_word' id='word_1_12' title='bbox 541 399 870 460; x_wconf 79' lang='lat' dir='ltr'>INTERIEOTIONE.</span> 
     </span>
    </p>

    <p class='ocr_par' dir='ltr' id='par_1_3' title="bbox 113 489 1124 1097">
     <span class='ocr_line' id='line_1_4' title="bbox 137 489 1124 566; baseline 0.002 -18"><span class='ocrx_word' id='word_1_13' title='bbox 137 517 142 527; x_wconf 90' lang='lat'>·</span> <span class='ocrx_word' id='word_1_14' title='bbox 202 491 248 548; x_wconf 82' lang='lat' dir='ltr'>Ex</span> <span class='ocrx_word' id='word_1_15' title='bbox 272 490 492 566; x_wconf 89' lang='lat' dir='ltr'>subscriptione</span> <span class='ocrx_word' id='word_1_16' title='bbox 515 490 626 549; x_wconf 89' lang='lat' dir='ltr'>iterata</span> <span class='ocrx_word' id='word_1_17' title='bbox 649 489 752 566; x_wconf 80' lang='lat' dir='ltr'>colligi</span> <span class='ocrx_word' id='word_1_18' title='bbox 779 489 852 548; x_wconf 90' lang='lat' dir='ltr'>licet</span> <span class='ocrx_word' id='word_1_19' title='bbox 879 490 1059 566; x_wconf 76' lang='lat' dir='ltr'><strong>scriptorem</strong></span> <span class='ocrx_word' id='word_1_20' title='bbox 1080 493 1124 552; x_wconf 82' lang='lat' dir='ltr'>vel</span> 
     </span>
     <span class='ocr_line' id='line_1_5' title="bbox 114 578 1124 656; baseline 0 -17"><span class='ocrx_word' id='word_1_21' title='bbox 114 579 223 640; x_wconf 89' lang='lat' dir='ltr'>codicis</span> <span class='ocrx_word' id='word_1_22' title='bbox 241 578 437 654; x_wconf 77' lang='lat' dir='ltr'>Neapolitani</span> <span class='ocrx_word' id='word_1_23' title='bbox 454 578 504 638; x_wconf 85' lang='lat' dir='ltr'>vel</span> <span class='ocrx_word' id='word_1_24' title='bbox 527 578 706 654; x_wconf 79' lang='lat' dir='ltr'>exemplarIs</span> <span class='ocrx_word' id='word_1_25' title='bbox 730 596 766 635; x_wconf 86' lang='lat' dir='ltr'>ex</span> <span class='ocrx_word' id='word_1_26' title='bbox 789 597 849 655; x_wconf 90' lang='lat' dir='ltr'>quo</span> <span class='ocrx_word' id='word_1_27' title='bbox 869 578 970 655; x_wconf 82' lang='lat' dir='ltr'>fluxit,</span> <span class='ocrx_word' id='word_1_28' title='bbox 995 580 1124 656; x_wconf 89' lang='lat' dir='ltr'>capitum</span> 
     </span>
     <span class='ocr_line' id='line_1_6' title="bbox 114 667 1124 744; baseline -0.001 -16"><span class='ocrx_word' id='word_1_29' title='bbox 114 668 248 728; x_wconf 88' lang='lat' dir='ltr'>ordinem</span> <span class='ocrx_word' id='word_1_30' title='bbox 258 668 423 727; x_wconf 77' lang='lat' dir='ltr'><strong>inmutasse</strong></span> <span class='ocrx_word' id='word_1_31' title='bbox 437 667 491 743; x_wconf 85' lang='lat' dir='ltr'>ita,</span> <span class='ocrx_word' id='word_1_32' title='bbox 508 672 645 727; x_wconf 89' lang='lat' dir='ltr'>utunam</span> <span class='ocrx_word' id='word_1_33' title='bbox 658 669 777 742; x_wconf 86' lang='lat' dir='ltr'>partem</span> <span class='ocrx_word' id='word_1_34' title='bbox 791 668 858 725; x_wconf 88' lang='lat' dir='ltr'>octo</span> <span class='ocrx_word' id='word_1_35' title='bbox 868 667 1015 727; x_wconf 88' lang='lat' dir='ltr'>orationis</span> <span class='ocrx_word' id='word_1_36' title='bbox 1025 672 1124 744; x_wconf 90' lang='lat' dir='ltr'>partes</span> 
     </span>
     <span class='ocr_line' id='line_1_7' title="bbox 114 755 1123 834; baseline -0.003 -17"><span class='ocrx_word' id='word_1_37' title='bbox 114 757 317 817; x_wconf 90' lang='lat' dir='ltr'>continentem</span> <span class='ocrx_word' id='word_1_38' title='bbox 339 758 377 817; x_wconf 92' lang='lat' dir='ltr'>ab</span> <span class='ocrx_word' id='word_1_39' title='bbox 401 756 499 816; x_wconf 88' lang='lat' dir='ltr'>altera</span> <span class='ocrx_word' id='word_1_40' title='bbox 521 757 560 816; x_wconf 93' lang='lat' dir='ltr'>ad</span> <span class='ocrx_word' id='word_1_41' title='bbox 582 755 739 834; x_wconf 81' lang='lat' dir='ltr'>generales</span> <span class='ocrx_word' id='word_1_42' title='bbox 761 773 809 814; x_wconf 87' lang='lat' dir='ltr'>res</span> <span class='ocrx_word' id='word_1_43' title='bbox 828 756 1045 831; x_wconf 81' lang='lat' dir='ltr'>grammaticas</span> <span class='ocrx_word' id='word_1_44' title='bbox 1063 775 1123 833; x_wconf 87' lang='lat' dir='ltr'>per-</span> 
     </span>
     <span class='ocr_line' id='line_1_8' title="bbox 113 843 1123 922; baseline 0 -18"><span class='ocrx_word' id='word_1_45' title='bbox 113 846 228 906; x_wconf 76' lang='lat' dir='ltr'>tinente</span> <span class='ocrx_word' id='word_1_46' title='bbox 244 849 418 906; x_wconf 88' lang='lat' dir='ltr'>secerneret</span> <span class='ocrx_word' id='word_1_47' title='bbox 455 845 500 904; x_wconf 87' lang='lat' dir='ltr'>De</span> <span class='ocrx_word' id='word_1_48' title='bbox 517 846 574 903; x_wconf 90' lang='lat' dir='ltr'>hac</span> <span class='ocrx_word' id='word_1_49' title='bbox 592 864 634 922; x_wconf 88' lang='lat' dir='ltr'>re,</span> <span class='ocrx_word' id='word_1_50' title='bbox 657 862 717 920; x_wconf 88' lang='lat' dir='ltr'>qua</span> <span class='ocrx_word' id='word_1_51' title='bbox 731 843 872 910; x_wconf 83' lang='lat' dir='ltr'>librarius</span> <span class='ocrx_word' id='word_1_52' title='bbox 886 844 981 904; x_wconf 85' lang='lat' dir='ltr'>verba</span> <span class='ocrx_word' id='word_1_53' title='bbox 995 845 1123 905; x_wconf 87' lang='lat' dir='ltr'>auctoris</span> 
     </span>
     <span class='ocr_line' id='line_1_9' title="bbox 114 933 1123 1010; baseline -0.001 -17"><span class='ocrx_word' id='word_1_54' title='bbox 114 935 253 994; x_wconf 86' lang='lat' dir='ltr'>omittere</span> <span class='ocrx_word' id='word_1_55' title='bbox 281 936 329 994; x_wconf 88' lang='lat' dir='ltr'>vel</span> <span class='ocrx_word' id='word_1_56' title='bbox 358 935 476 992; x_wconf 91' lang='lat' dir='ltr'>mutare</span> <span class='ocrx_word' id='word_1_57' title='bbox 510 951 725 1009; x_wconf 87' lang='lat' dir='ltr'>nonnunquam</span> <span class='ocrx_word' id='word_1_58' title='bbox 759 935 881 992; x_wconf 87' lang='lat' dir='ltr'>coaetus</span> <span class='ocrx_word' id='word_1_59' title='bbox 912 936 971 1010; x_wconf 90' lang='lat' dir='ltr'>est,</span> <span class='ocrx_word' id='word_1_60' title='bbox 1004 933 1069 992; x_wconf 89' lang='lat' dir='ltr'>iam</span> <span class='ocrx_word' id='word_1_61' title='bbox 1096 935 1123 992; x_wconf 87' lang='lat' dir='ltr'>iu</span> 
     </span>
     <span class='ocr_line' id='line_1_10' title="bbox 116 1021 998 1097; baseline -0.003 -15"><span class='ocrx_word' id='word_1_62' title='bbox 116 1022 365 1082; x_wconf 76' lang='lat' dir='ltr'>commentatione</span> <span class='ocrx_word' id='word_1_63' title='bbox 388 1025 555 1081; x_wconf 88' lang='lat' dir='ltr'>memorata</span> <span class='ocrx_word' id='word_1_64' title='bbox 576 1041 607 1097; x_wconf 88' lang='lat' dir='ltr'>p.</span> <span class='ocrx_word' id='word_1_65' title='bbox 631 1023 671 1081; x_wconf 81' lang='lat'>28</span> <span class='ocrx_word' id='word_1_66' title='bbox 697 1040 719 1081; x_wconf 89' lang='lat' dir='ltr'>s.</span> <span class='ocrx_word' id='word_1_67' title='bbox 737 1021 836 1081; x_wconf 86' lang='lat' dir='ltr'>fusius</span> <span class='ocrx_word' id='word_1_68' title='bbox 858 1022 998 1082; x_wconf 82' lang='lat' dir='ltr'>tractavi.</span> 
     </span>
    </p>

    <p class='ocr_par' dir='ltr' id='par_1_4' title="bbox 110 1109 1128 3044">
     <span class='ocr_line' id='line_1_11' title="bbox 202 1109 1124 1187; baseline 0.001 -18"><span class='ocrx_word' id='word_1_69' title='bbox 202 1109 338 1185; x_wconf 77' lang='lat' dir='ltr'>Scriptus</span> <span class='ocrx_word' id='word_1_70' title='bbox 366 1112 413 1169; x_wconf 91' lang='lat' dir='ltr'>est</span> <span class='ocrx_word' id='word_1_71' title='bbox 439 1110 532 1170; x_wconf 85' lang='lat' dir='ltr'>codex</span> <span class='ocrx_word' id='word_1_72' title='bbox 558 1109 697 1168; x_wconf 84' lang='lat' dir='ltr'>manibus</span> <span class='ocrx_word' id='word_1_73' title='bbox 724 1110 815 1168; x_wconf 86' lang='lat' dir='ltr'>variis</span> <span class='ocrx_word' id='word_1_74' title='bbox 843 1113 934 1185; x_wconf 88' lang='lat' dir='ltr'>atque</span> <span class='ocrx_word' id='word_1_75' title='bbox 960 1111 1124 1187; x_wconf 77' lang='lat' dir='ltr'>scripturae</span> 
     </span>
     <span class='ocr_line' id='line_1_12' title="bbox 113 1197 1124 1276; baseline 0.001 -18"><span class='ocrx_word' id='word_1_76' title='bbox 113 1197 269 1258; x_wconf 85' lang='lat' dir='ltr'>Oasinensi</span> <span class='ocrx_word' id='word_1_77' title='bbox 296 1217 387 1276; x_wconf 88' lang='lat' dir='ltr'>quam</span> <span class='ocrx_word' id='word_1_78' title='bbox 414 1197 519 1257; x_wconf 89' lang='lat' dir='ltr'>dicunt</span> <span class='ocrx_word' id='word_1_79' title='bbox 545 1216 605 1258; x_wconf 90' lang='lat' dir='ltr'>non</span> <span class='ocrx_word' id='word_1_80' title='bbox 627 1198 760 1258; x_wconf 84' lang='lat' dir='ltr'>absimili</span> <span class='ocrx_word' id='word_1_81' title='bbox 781 1198 883 1274; x_wconf 90' lang='lat' dir='ltr'>modo,</span> <span class='ocrx_word' id='word_1_82' title='bbox 909 1199 947 1257; x_wconf 92' lang='lat' dir='ltr'>ut</span> <span class='ocrx_word' id='word_1_83' title='bbox 969 1199 1124 1276; x_wconf 81' lang='lat' dir='ltr'>Meynolrio</span> 
     </span>
     <span class='ocr_line' id='line_1_13' title="bbox 113 1286 1126 1364; baseline 0.002 -19"><span class='ocrx_word' id='word_1_84' title='bbox 113 1287 232 1364; x_wconf 91' lang='lat' dir='ltr'>quidem</span> <span class='ocrx_word' id='word_1_85' title='bbox 246 1286 344 1346; x_wconf 87' lang='lat' dir='ltr'>visum</span> <span class='ocrx_word' id='word_1_86' title='bbox 358 1289 412 1348; x_wconf 89' lang='lat' dir='ltr'>est.</span> <span class='ocrx_word' id='word_1_87' title='bbox 444 1286 481 1346; x_wconf 91' lang='lat' dir='ltr'>In</span> <span class='ocrx_word' id='word_1_88' title='bbox 496 1305 532 1346; x_wconf 87' lang='lat' dir='ltr'>ea</span> <span class='ocrx_word' id='word_1_89' title='bbox 544 1290 639 1364; x_wconf 88' lang='lat' dir='ltr'>parte,</span> <span class='ocrx_word' id='word_1_90' title='bbox 654 1304 731 1363; x_wconf 88' lang='lat' dir='ltr'>quae</span> <span class='ocrx_word' id='word_1_91' title='bbox 741 1286 864 1364; x_wconf 80' lang='lat' dir='ltr'>Virgilii</span> <span class='ocrx_word' id='word_1_92' title='bbox 879 1305 970 1363; x_wconf 88' lang='lat' dir='ltr'>opera</span> <span class='ocrx_word' id='word_1_93' title='bbox 985 1289 1126 1362; x_wconf 80' lang='lat' dir='ltr'>continet,</span> 
     </span>
     <span class='ocr_line' id='line_1_14' title="bbox 111 1374 1127 1456; baseline 0.002 -22"><span class='ocrx_word' id='word_1_94' title='bbox 111 1378 202 1435; x_wconf 90' lang='lat' dir='ltr'>notae</span> <span class='ocrx_word' id='word_1_95' title='bbox 211 1376 394 1454; x_wconf 78' lang='lat' dir='ltr'>marginales</span> <span class='ocrx_word' id='word_1_96' title='bbox 403 1376 521 1435; x_wconf 89' lang='lat' dir='ltr'>duabus</span> <span class='ocrx_word' id='word_1_97' title='bbox 530 1375 670 1436; x_wconf 88' lang='lat' dir='ltr'>manibus</span> <span class='ocrx_word' id='word_1_98' title='bbox 684 1374 837 1436; x_wconf 82' lang='lat' dir='ltr'>confectae</span> <span class='ocrx_word' id='word_1_99' title='bbox 852 1377 980 1454; x_wconf 83' lang='lat' dir='ltr'>exstant,</span> <span class='ocrx_word' id='word_1_100' title='bbox 995 1393 1127 1456; x_wconf 90' lang='lat' dir='ltr'>quarum</span> 
     </span>
     <span class='ocr_line' id='line_1_15' title="bbox 113 1463 1128 1541; baseline 0.002 -18"><span class='ocrx_word' id='word_1_101' title='bbox 113 1465 275 1540; x_wconf 90' lang='lat' dir='ltr'>specimina</span> <span class='ocrx_word' id='word_1_102' title='bbox 309 1465 458 1541; x_wconf 87' lang='lat' dir='ltr'>quaedam</span> <span class='ocrx_word' id='word_1_103' title='bbox 490 1465 523 1523; x_wconf 93' lang='lat' dir='ltr'>in</span> <span class='ocrx_word' id='word_1_104' title='bbox 555 1463 747 1525; x_wconf 83' lang='lat' dir='ltr'>adnotatione</span> <span class='ocrx_word' id='word_1_105' title='bbox 777 1464 990 1539; x_wconf 84' lang='lat' dir='ltr'>deprehendes.</span> <span class='ocrx_word' id='word_1_106' title='bbox 1047 1464 1128 1536; x_wconf 80' lang='lat' dir='ltr'>Quas</span> 
     </span>
     <span class='ocr_line' id='line_1_16' title="bbox 112 1552 1128 1630; baseline 0.002 -18"><span class='ocrx_word' id='word_1_107' title='bbox 112 1556 299 1613; x_wconf 89' lang='lat' dir='ltr'>correcturas</span> <span class='ocrx_word' id='word_1_108' title='bbox 325 1553 375 1612; x_wconf 90' lang='lat' dir='ltr'>hic</span> <span class='ocrx_word' id='word_1_109' title='bbox 402 1553 481 1612; x_wconf 88' lang='lat' dir='ltr'>liber</span> <span class='ocrx_word' id='word_1_110' title='bbox 509 1552 549 1613; x_wconf 90' lang='lat' dir='ltr'>sit</span> <span class='ocrx_word' id='word_1_111' title='bbox 574 1570 694 1629; x_wconf 85' lang='lat' dir='ltr'>passus,</span> <span class='ocrx_word' id='word_1_112' title='bbox 723 1571 759 1611; x_wconf 84' lang='lat' dir='ltr'>ex</span> <span class='ocrx_word' id='word_1_113' title='bbox 786 1553 866 1612; x_wconf 90' lang='lat' dir='ltr'>notis</span> <span class='ocrx_word' id='word_1_114' title='bbox 892 1552 1025 1630; x_wconf 82' lang='lat' dir='ltr'>patebit3</span> <span class='ocrx_word' id='word_1_115' title='bbox 1058 1572 1128 1614; x_wconf 87' lang='lat' dir='ltr'>cum</span> 
     </span>
     <span class='ocr_line' id='line_1_17' title="bbox 112 1639 1128 1719; baseline 0.001 -18"><span class='ocrx_word' id='word_1_116' title='bbox 112 1645 215 1702; x_wconf 89' lang='lat' dir='ltr'>autem</span> <span class='ocrx_word' id='word_1_117' title='bbox 238 1641 310 1719; x_wconf 91' lang='lat' dir='ltr'>quid</span> <span class='ocrx_word' id='word_1_118' title='bbox 332 1641 458 1702; x_wconf 89' lang='lat' dir='ltr'>librario</span> <span class='ocrx_word' id='word_1_119' title='bbox 482 1642 628 1702; x_wconf 86' lang='lat' dir='ltr'>debeatur</span> <span class='ocrx_word' id='word_1_120' title='bbox 651 1639 724 1716; x_wconf 88' lang='lat' dir='ltr'>quid</span> <span class='ocrx_word' id='word_1_121' title='bbox 747 1641 908 1700; x_wconf 86' lang='lat' dir='ltr'>correctori</span> <span class='ocrx_word' id='word_1_122' title='bbox 930 1659 991 1700; x_wconf 90' lang='lat' dir='ltr'>non</span> <span class='ocrx_word' id='word_1_123' title='bbox 1013 1641 1128 1718; x_wconf 88' lang='lat' dir='ltr'>ubique</span> 
     </span>
     <span class='ocr_line' id='line_1_18' title="bbox 111 1730 1127 1807; baseline 0 -16"><span class='ocrx_word' id='word_1_124' title='bbox 111 1731 246 1807; x_wconf 91' lang='lat' dir='ltr'>potuerit</span> <span class='ocrx_word' id='word_1_125' title='bbox 269 1731 410 1805; x_wconf 88' lang='lat' dir='ltr'>discerni,</span> <span class='ocrx_word' id='word_1_126' title='bbox 434 1730 507 1791; x_wconf 87' lang='lat' dir='ltr'>satis</span> <span class='ocrx_word' id='word_1_127' title='bbox 530 1730 623 1790; x_wconf 89' lang='lat' dir='ltr'>habui</span> <span class='ocrx_word' id='word_1_128' title='bbox 641 1730 818 1805; x_wconf 91' lang='lat' dir='ltr'>plerumque</span> <span class='ocrx_word' id='word_1_129' title='bbox 838 1732 1027 1790; x_wconf 88' lang='lat' dir='ltr'>correcturas</span> <span class='ocrx_word' id='word_1_130' title='bbox 1046 1732 1127 1792; x_wconf 89' lang='lat' dir='ltr'>solas</span> 
     </span>
     <span class='ocr_line' id='line_1_19' title="bbox 111 1818 1127 1896; baseline 0.002 -18"><span class='ocrx_word' id='word_1_131' title='bbox 111 1820 253 1880; x_wconf 84' lang='lat' dir='ltr'>iudicare.</span> <span class='ocrx_word' id='word_1_132' title='bbox 298 1821 399 1896; x_wconf 80' lang='lat' dir='ltr'>Atque</span> <span class='ocrx_word' id='word_1_133' title='bbox 422 1819 550 1880; x_wconf 76' lang='lat' dir='ltr'>conecti</span> <span class='ocrx_word' id='word_1_134' title='bbox 572 1821 643 1878; x_wconf 90' lang='lat' dir='ltr'>sunt</span> <span class='ocrx_word' id='word_1_135' title='bbox 669 1836 729 1877; x_wconf 88' lang='lat' dir='ltr'>non</span> <span class='ocrx_word' id='word_1_136' title='bbox 757 1818 855 1877; x_wconf 88' lang='lat' dir='ltr'>solum</span> <span class='ocrx_word' id='word_1_137' title='bbox 883 1818 982 1894; x_wconf 87' lang='lat' dir='ltr'>aperti</span> <span class='ocrx_word' id='word_1_138' title='bbox 1009 1831 1127 1880; x_wconf 88' lang='lat' dir='ltr'>errores</span> 
     </span>
     <span class='ocr_line' id='line_1_20' title="bbox 111 1906 1128 1985; baseline 0.001 -18"><span class='ocrx_word' id='word_1_139' title='bbox 111 1908 230 1967; x_wconf 87' lang='lat' dir='ltr'>librarii</span> <span class='ocrx_word' id='word_1_140' title='bbox 257 1928 294 1967; x_wconf 85' lang='lat' dir='ltr'>ex</span> <span class='ocrx_word' id='word_1_141' title='bbox 317 1908 481 1985; x_wconf 84' lang='lat' dir='ltr'>exemplari</span> <span class='ocrx_word' id='word_1_142' title='bbox 508 1926 568 1966; x_wconf 93' lang='lat' dir='ltr'>non</span> <span class='ocrx_word' id='word_1_143' title='bbox 595 1907 727 1981; x_wconf 88' lang='lat' dir='ltr'>diverse,</span> <span class='ocrx_word' id='word_1_144' title='bbox 757 1907 808 1966; x_wconf 91' lang='lat' dir='ltr'>sed</span> <span class='ocrx_word' id='word_1_145' title='bbox 834 1906 927 1965; x_wconf 87' lang='lat' dir='ltr'>etiam</span> <span class='ocrx_word' id='word_1_146' title='bbox 949 1909 1128 1968; x_wconf 86' lang='lat' dir='ltr'>emendatae</span> 
     </span>
     <span class='ocr_line' id='line_1_21' title="bbox 110 1995 1127 2073; baseline 0 -17"><span class='ocrx_word' id='word_1_147' title='bbox 110 1997 271 2056; x_wconf 79' lang='lat' dir='ltr'>verborum</span> <span class='ocrx_word' id='word_1_148' title='bbox 292 1996 407 2054; x_wconf 85' lang='lat' dir='ltr'>formae</span> <span class='ocrx_word' id='word_1_149' title='bbox 430 1995 575 2055; x_wconf 87' lang='lat' dir='ltr'>sermonis</span> <span class='ocrx_word' id='word_1_150' title='bbox 593 1995 729 2071; x_wconf 85' lang='lat' dir='ltr'>vulgaris</span> <span class='ocrx_word' id='word_1_151' title='bbox 752 1995 900 2071; x_wconf 87' lang='lat' dir='ltr'>propriae,</span> <span class='ocrx_word' id='word_1_152' title='bbox 924 2014 1001 2073; x_wconf 89' lang='lat' dir='ltr'>quae</span> <span class='ocrx_word' id='word_1_153' title='bbox 1023 1999 1127 2056; x_wconf 89' lang='lat' dir='ltr'>tamen</span> 
     </span>
     <span class='ocr_line' id='line_1_22' title="bbox 111 2083 1127 2158; baseline 0.003 -17"><span class='ocrx_word' id='word_1_154' title='bbox 111 2084 142 2142; x_wconf 94' lang='lat' dir='ltr'>in</span> <span class='ocrx_word' id='word_1_155' title='bbox 167 2085 224 2144; x_wconf 88' lang='lat' dir='ltr'>hoc</span> <span class='ocrx_word' id='word_1_156' title='bbox 253 2083 330 2142; x_wconf 76' lang='lat' dir='ltr'>lIbro</span> <span class='ocrx_word' id='word_1_157' title='bbox 360 2085 446 2142; x_wconf 84' lang='lat' dir='ltr'>tanto</span> <span class='ocrx_word' id='word_1_158' title='bbox 476 2083 605 2142; x_wconf 87' lang='lat' dir='ltr'>rariores</span> <span class='ocrx_word' id='word_1_159' title='bbox 635 2085 706 2142; x_wconf 87' lang='lat' dir='ltr'>eunt</span> <span class='ocrx_word' id='word_1_160' title='bbox 735 2086 847 2158; x_wconf 89' lang='lat' dir='ltr'>quanto</span> <span class='ocrx_word' id='word_1_161' title='bbox 877 2084 998 2158; x_wconf 84' lang='lat' dir='ltr'>longius</span> <span class='ocrx_word' id='word_1_162' title='bbox 1032 2086 1127 2144; x_wconf 88' lang='lat' dir='ltr'>distat</span> 
     </span>
     <span class='ocr_line' id='line_1_23' title="bbox 111 2171 1126 2250; baseline 0.002 -19"><span class='ocrx_word' id='word_1_163' title='bbox 111 2177 245 2246; x_wconf 88' lang='lat' dir='ltr'>tempore</span> <span class='ocrx_word' id='word_1_164' title='bbox 265 2171 303 2230; x_wconf 89' lang='lat' dir='ltr'>ab</span> <span class='ocrx_word' id='word_1_165' title='bbox 323 2171 495 2246; x_wconf 83' lang='lat' dir='ltr'>archetypo,</span> <span class='ocrx_word' id='word_1_166' title='bbox 514 2171 553 2229; x_wconf 90' lang='lat' dir='ltr'>ad</span> <span class='ocrx_word' id='word_1_167' title='bbox 571 2171 651 2248; x_wconf 89' lang='lat' dir='ltr'>quod</span> <span class='ocrx_word' id='word_1_168' title='bbox 668 2171 747 2230; x_wconf 90' lang='lat' dir='ltr'>liber</span> <span class='ocrx_word' id='word_1_169' title='bbox 765 2172 818 2230; x_wconf 89' lang='lat' dir='ltr'>ille</span> <span class='ocrx_word' id='word_1_170' title='bbox 831 2171 987 2232; x_wconf 87' lang='lat' dir='ltr'>Parisinus</span> <span class='ocrx_word' id='word_1_171' title='bbox 1000 2174 1126 2250; x_wconf 90' lang='lat' dir='ltr'>propios</span> 
     </span>
     <span class='ocr_line' id='line_1_24' title="bbox 112 2259 1127 2335; baseline 0 -16"><span class='ocrx_word' id='word_1_172' title='bbox 112 2259 236 2319; x_wconf 87' lang='lat' dir='ltr'>accedit.</span> <span class='ocrx_word' id='word_1_173' title='bbox 281 2259 384 2319; x_wconf 82' lang='lat' dir='ltr'>EtIam</span> <span class='ocrx_word' id='word_1_174' title='bbox 411 2259 529 2335; x_wconf 85' lang='lat' dir='ltr'>glossas</span> <span class='ocrx_word' id='word_1_175' title='bbox 557 2262 708 2320; x_wconf 76' lang='lat' dir='ltr'>conector</span> <span class='ocrx_word' id='word_1_176' title='bbox 734 2261 887 2319; x_wconf 87' lang='lat' dir='ltr'>nonnullis</span> <span class='ocrx_word' id='word_1_177' title='bbox 913 2260 987 2320; x_wconf 90' lang='lat' dir='ltr'>locis</span> <span class='ocrx_word' id='word_1_178' title='bbox 1015 2261 1127 2322; x_wconf 90' lang='lat' dir='ltr'>adiecit</span> 
     </span>
     <span class='ocr_line' id='line_1_25' title="bbox 111 2346 1124 2426; baseline 0.003 -20"><span class='ocrx_word' id='word_1_179' title='bbox 111 2351 147 2407; x_wconf 87' lang='lat' dir='ltr'>ut</span> <span class='ocrx_word' id='word_1_180' title='bbox 169 2368 198 2423; x_wconf 86' lang='lat' dir='ltr'>p.</span> <span class='ocrx_word' id='word_1_181' title='bbox 218 2351 276 2425; x_wconf 80' lang='lat'>42,</span> <span class='ocrx_word' id='word_1_182' title='bbox 296 2350 314 2406; x_wconf 87' lang='lat'><strong>9</strong></span> <span class='ocrx_word' id='word_1_183' title='bbox 339 2349 568 2408; x_wconf 78' lang='lat' dir='ltr'>dictita:cousa</span> <span class='ocrx_word' id='word_1_184' title='bbox 593 2352 669 2426; x_wconf 83' lang='lat'>114,</span> <span class='ocrx_word' id='word_1_185' title='bbox 696 2352 712 2407; x_wconf 96' lang='lat'>1</span> <span class='ocrx_word' id='word_1_186' title='bbox 741 2350 903 2421; x_wconf 75' lang='lat' dir='ltr'>fonircocc&#39;</span> <span class='ocrx_word' id='word_1_187' title='bbox 923 2346 999 2423; x_wconf 86' lang='lat'>114,</span> <span class='ocrx_word' id='word_1_188' title='bbox 1020 2351 1124 2425; x_wconf 74' lang='lat' dir='ltr'>(ipro-</span> 
     </span>
     <span class='ocr_line' id='line_1_26' title="bbox 112 2436 1126 2513; baseline 0.002 -17"><span class='ocrx_word' id='word_1_189' title='bbox 112 2437 212 2496; x_wconf 80' lang='lat' dir='ltr'>clc&#39;cenc</span> <span class='ocrx_word' id='word_1_190' title='bbox 226 2459 233 2493; x_wconf 74' lang='grc' dir='ltr'><strong>ε</strong></span> <span class='ocrx_word' id='word_1_191' title='bbox 246 2438 431 2510; x_wconf 79' lang='lat' dir='ltr'>prodactam.</span> <span class='ocrx_word' id='word_1_192' title='bbox 486 2437 585 2496; x_wconf 87' lang='lat' dir='ltr'>Multa</span> <span class='ocrx_word' id='word_1_193' title='bbox 615 2437 646 2496; x_wconf 88' lang='lat' dir='ltr'>in</span> <span class='ocrx_word' id='word_1_194' title='bbox 678 2436 879 2513; x_wconf 86' lang='lat' dir='ltr'>Neapolitano</span> <span class='ocrx_word' id='word_1_195' title='bbox 912 2440 983 2497; x_wconf 92' lang='lat' dir='ltr'>sunt</span> <span class='ocrx_word' id='word_1_196' title='bbox 1015 2439 1126 2498; x_wconf 90' lang='lat' dir='ltr'>omissa</span> 
     </span>
     <span class='ocr_line' id='line_1_27' title="bbox 112 2524 1125 2604; baseline 0.004 -21"><span class='ocrx_word' id='word_1_197' title='bbox 112 2524 248 2601; x_wconf 89' lang='lat' dir='ltr'>inprimis</span> <span class='ocrx_word' id='word_1_198' title='bbox 282 2526 337 2585; x_wconf 87' lang='lat' dir='ltr'>sub</span> <span class='ocrx_word' id='word_1_199' title='bbox 363 2525 454 2585; x_wconf 91' lang='lat' dir='ltr'>finem</span> <span class='ocrx_word' id='word_1_200' title='bbox 483 2524 683 2602; x_wconf 81' lang='lat' dir='ltr'>epitomamm</span> <span class='ocrx_word' id='word_1_201' title='bbox 711 2525 756 2584; x_wconf 90' lang='lat' dir='ltr'>ita</span> <span class='ocrx_word' id='word_1_202' title='bbox 785 2528 822 2585; x_wconf 91' lang='lat' dir='ltr'>ut</span> <span class='ocrx_word' id='word_1_203' title='bbox 848 2525 1006 2586; x_wconf 88' lang='lat' dir='ltr'>librarium</span> <span class='ocrx_word' id='word_1_204' title='bbox 1033 2526 1125 2604; x_wconf 87' lang='lat' dir='ltr'>longo</span> 
     </span>
     <span class='ocr_line' id='line_1_28' title="bbox 111 2614 1125 2688; baseline 0.001 -15"><span class='ocrx_word' id='word_1_205' title='bbox 111 2632 200 2688; x_wconf 90' lang='lat' dir='ltr'>opere</span> <span class='ocrx_word' id='word_1_206' title='bbox 227 2614 357 2674; x_wconf 87' lang='lat' dir='ltr'>fortasse</span> <span class='ocrx_word' id='word_1_207' title='bbox 384 2614 536 2674; x_wconf 86' lang='lat' dir='ltr'>defessum</span> <span class='ocrx_word' id='word_1_208' title='bbox 566 2614 700 2674; x_wconf 88' lang='lat' dir='ltr'>laborem</span> <span class='ocrx_word' id='word_1_209' title='bbox 728 2615 878 2674; x_wconf 88' lang='lat' dir='ltr'>mutilatis</span> <span class='ocrx_word' id='word_1_210' title='bbox 909 2617 940 2675; x_wconf 88' lang='lat' dir='ltr'>et</span> <span class='ocrx_word' id='word_1_211' title='bbox 969 2614 1007 2673; x_wconf 88' lang='lat' dir='ltr'>ad</span> <span class='ocrx_word' id='word_1_212' title='bbox 1036 2633 1125 2674; x_wconf 90' lang='lat' dir='ltr'>suum</span> 
     </span>
     <span class='ocr_line' id='line_1_29' title="bbox 110 2701 1124 2777; baseline 0.004 -16"><span class='ocrx_word' id='word_1_213' title='bbox 110 2720 201 2761; x_wconf 90' lang='lat' dir='ltr'>usum</span> <span class='ocrx_word' id='word_1_214' title='bbox 223 2701 352 2761; x_wconf 88' lang='lat' dir='ltr'>redactis</span> <span class='ocrx_word' id='word_1_215' title='bbox 380 2703 531 2777; x_wconf 84' lang='lat' dir='ltr'>capitibus</span> <span class='ocrx_word' id='word_1_216' title='bbox 559 2702 618 2762; x_wconf 86' lang='lat' dir='ltr'>sibi</span> <span class='ocrx_word' id='word_1_217' title='bbox 645 2705 778 2762; x_wconf 88' lang='lat' dir='ltr'>minuere</span> <span class='ocrx_word' id='word_1_218' title='bbox 800 2704 932 2764; x_wconf 82' lang='lat' dir='ltr'>voluisse</span> <span class='ocrx_word' id='word_1_219' title='bbox 954 2703 1124 2765; x_wconf 83' lang='lat' dir='ltr'>conieceria</span> 
     </span>
     <span class='ocr_line' id='line_1_30' title="bbox 111 2790 1125 2871; baseline 0.004 -23"><span class='ocrx_word' id='word_1_220' title='bbox 111 2794 151 2850; x_wconf 89' lang='lat' dir='ltr'>At</span> <span class='ocrx_word' id='word_1_221' title='bbox 164 2791 196 2849; x_wconf 85' lang='lat' dir='ltr'>in</span> <span class='ocrx_word' id='word_1_222' title='bbox 211 2790 356 2866; x_wconf 90' lang='lat' dir='ltr'>epistolis,</span> <span class='ocrx_word' id='word_1_223' title='bbox 374 2810 451 2866; x_wconf 85' lang='lat' dir='ltr'>quae</span> <span class='ocrx_word' id='word_1_224' title='bbox 468 2790 634 2867; x_wconf 85' lang='lat' dir='ltr'>priucipem</span> <span class='ocrx_word' id='word_1_225' title='bbox 652 2791 752 2851; x_wconf 88' lang='lat' dir='ltr'>locum</span> <span class='ocrx_word' id='word_1_226' title='bbox 765 2794 879 2871; x_wconf 87' lang='lat' dir='ltr'>tenent,</span> <span class='ocrx_word' id='word_1_227' title='bbox 896 2792 992 2851; x_wconf 91' lang='lat' dir='ltr'>multo</span> <span class='ocrx_word' id='word_1_228' title='bbox 1006 2793 1125 2853; x_wconf 86' lang='lat' dir='ltr'>minora</span> 
     </span>
     <span class='ocr_line' id='line_1_31' title="bbox 112 2879 1124 2956; baseline 0.002 -17"><span class='ocrx_word' id='word_1_229' title='bbox 112 2879 222 2939; x_wconf 88' lang='lat' dir='ltr'>omissa</span> <span class='ocrx_word' id='word_1_230' title='bbox 236 2897 300 2938; x_wconf 90' lang='lat' dir='ltr'>esse</span> <span class='ocrx_word' id='word_1_231' title='bbox 314 2879 464 2956; x_wconf 84' lang='lat' dir='ltr'>videntur,</span> <span class='ocrx_word' id='word_1_232' title='bbox 483 2880 562 2956; x_wconf 91' lang='lat' dir='ltr'>quod</span> <span class='ocrx_word' id='word_1_233' title='bbox 579 2898 648 2939; x_wconf 89' lang='lat' dir='ltr'>cum</span> <span class='ocrx_word' id='word_1_234' title='bbox 665 2881 698 2938; x_wconf 93' lang='lat' dir='ltr'>in</span> <span class='ocrx_word' id='word_1_235' title='bbox 714 2880 771 2941; x_wconf 90' lang='lat' dir='ltr'>hoc</span> <span class='ocrx_word' id='word_1_236' title='bbox 789 2880 868 2942; x_wconf 90' lang='lat' dir='ltr'>libro</span> <span class='ocrx_word' id='word_1_237' title='bbox 882 2899 942 2941; x_wconf 92' lang='lat' dir='ltr'>uno</span> <span class='ocrx_word' id='word_1_238' title='bbox 957 2885 1124 2956; x_wconf 86' lang='lat' dir='ltr'>serventur,</span> 
     </span>
     <span class='ocr_line' id='line_1_32' title="bbox 111 2969 738 3044; baseline 0.002 -16"><span class='ocrx_word' id='word_1_239' title='bbox 111 2971 200 3044; x_wconf 81' lang='lat' dir='ltr'>grata</span> <span class='ocrx_word' id='word_1_240' title='bbox 222 2969 358 3029; x_wconf 80' lang='lat' dir='ltr'>Minerva</span> <span class='ocrx_word' id='word_1_241' title='bbox 379 2969 494 3029; x_wconf 85' lang='lat' dir='ltr'>factum</span> <span class='ocrx_word' id='word_1_242' title='bbox 516 2986 580 3028; x_wconf 88' lang='lat' dir='ltr'>esse</span> <span class='ocrx_word' id='word_1_243' title='bbox 604 2971 738 3044; x_wconf 88' lang='lat' dir='ltr'>apparet.</span> 
     </span>
    </p>

    <p class='ocr_par' dir='ltr' id='par_1_5' title="bbox 109 3056 1125 3491">
     <span class='ocr_line' id='line_1_33' title="bbox 199 3056 1125 3136; baseline 0.004 -21"><span class='ocrx_word' id='word_1_244' title='bbox 199 3057 248 3116; x_wconf 90' lang='lat' dir='ltr'>Ad</span> <span class='ocrx_word' id='word_1_245' title='bbox 280 3057 393 3116; x_wconf 88' lang='lat' dir='ltr'>librum</span> <span class='ocrx_word' id='word_1_246' title='bbox 422 3056 657 3133; x_wconf 90' lang='lat' dir='ltr'>Neapolitanum</span> <span class='ocrx_word' id='word_1_247' title='bbox 687 3057 804 3133; x_wconf 89' lang='lat' dir='ltr'>primus</span> <span class='ocrx_word' id='word_1_248' title='bbox 835 3066 866 3121; x_wconf 88' lang='lat' dir='ltr'>et</span> <span class='ocrx_word' id='word_1_249' title='bbox 894 3059 975 3118; x_wconf 89' lang='lat' dir='ltr'>solus</span> <span class='ocrx_word' id='word_1_250' title='bbox 1001 3059 1125 3136; x_wconf 83' lang='lat' dir='ltr'>Virgilii</span> 
     </span>
     <span class='ocr_line' id='line_1_34' title="bbox 111 3141 1123 3226; baseline 0.009 -25"><span class='ocrx_word' id='word_1_251' title='bbox 111 3143 254 3219; x_wconf 87' lang='lat' dir='ltr'>epistolas</span> <span class='ocrx_word' id='word_1_252' title='bbox 277 3145 422 3222; x_wconf 86' lang='lat' dir='ltr'>integras,</span> <span class='ocrx_word' id='word_1_253' title='bbox 445 3145 592 3221; x_wconf 89' lang='lat' dir='ltr'>epitomas</span> <span class='ocrx_word' id='word_1_254' title='bbox 616 3147 717 3205; x_wconf 88' lang='lat' dir='ltr'>autem</span> <span class='ocrx_word' id='word_1_255' title='bbox 740 3147 911 3207; x_wconf 84' lang='lat' dir='ltr'>decurtatos</span> <span class='ocrx_word' id='word_1_256' title='bbox 930 3141 1027 3205; x_wconf 88' lang='lat' dir='ltr'>edidit</span> <span class='ocrx_word' id='word_1_257' title='bbox 1044 3150 1123 3226; x_wconf 81' lang='lat' dir='ltr'>Aug.</span> 
     </span>
     <span class='ocr_line' id='line_1_35' title="bbox 109 3232 1125 3308; baseline 0.007 -18"><span class='ocrx_word' id='word_1_258' title='bbox 109 3232 217 3308; x_wconf 75' lang='lat' dir='ltr'>Maius,</span> <span class='ocrx_word' id='word_1_259' title='bbox 240 3232 271 3291; x_wconf 92' lang='lat' dir='ltr'>in</span> <span class='ocrx_word' id='word_1_260' title='bbox 293 3235 375 3294; x_wconf 90' lang='lat' dir='ltr'>tomo</span> <span class='ocrx_word' id='word_1_261' title='bbox 394 3234 430 3292; x_wconf 89' lang='lat' dir='ltr'>V.</span> <span class='ocrx_word' id='word_1_262' title='bbox 454 3233 647 3293; x_wconf 88' lang='lat' dir='ltr'>classicorum</span> <span class='ocrx_word' id='word_1_263' title='bbox 670 3237 826 3294; x_wconf 89' lang='lat' dir='ltr'>auctorum</span> <span class='ocrx_word' id='word_1_264' title='bbox 844 3253 873 3307; x_wconf 92' lang='lat' dir='ltr'>p.</span> <span class='ocrx_word' id='word_1_265' title='bbox 894 3232 1033 3293; x_wconf 83' lang='lat'>1—149.</span> <span class='ocrx_word' id='word_1_266' title='bbox 1069 3238 1125 3296; x_wconf 91' lang='lat' dir='ltr'>Vir</span> 
     </span>
     <span class='ocr_line' id='line_1_36' title="bbox 110 3317 1124 3396; baseline 0.008 -17"><span class='ocrx_word' id='word_1_267' title='bbox 110 3317 1124 3396; x_wconf 84' lang='lat' dir='ltr'>doctissimuscumlibroNeapolitanodenuoexaminatoeditionem</span> 
     </span>
     <span class='ocr_line' id='line_1_37' title="bbox 111 3407 1124 3491; baseline 0.007 -25"><span class='ocrx_word' id='word_1_268' title='bbox 111 3408 240 3467; x_wconf 87' lang='lat' dir='ltr'>alteram</span> <span class='ocrx_word' id='word_1_269' title='bbox 258 3426 383 3485; x_wconf 82' lang='lat' dir='ltr'>eamque</span> <span class='ocrx_word' id='word_1_270' title='bbox 407 3411 587 3488; x_wconf 81' lang='lat' dir='ltr'>castigatam</span> <span class='ocrx_word' id='word_1_271' title='bbox 609 3413 689 3470; x_wconf 89' lang='lat' dir='ltr'>esset</span> <span class='ocrx_word' id='word_1_272' title='bbox 710 3409 878 3484; x_wconf 83' lang='lat' dir='ltr'>paraturus,</span> <span class='ocrx_word' id='word_1_273' title='bbox 900 3407 997 3464; x_wconf 88' lang='lat' dir='ltr'>morte</span> <span class='ocrx_word' id='word_1_274' title='bbox 1015 3412 1124 3491; x_wconf 89' lang='lat' dir='ltr'>abrep-</span> 
     </span>
    </p>
   </div>
   <div class='ocr_carea' id='block_1_3' title="bbox 0 0 1182 3946">
    <p class='ocr_par' dir='ltr' id='par_1_6' title="bbox 0 0 1182 3946">
     <span class='ocr_line' id='line_1_38' title="bbox 0 0 1182 3946; baseline 0 0"><span class='ocrx_word' id='word_1_275' title='bbox 0 0 1182 3946; x_wconf 95' lang='lat' dir='ltr'> </span> 
     </span>
    </p>
   </div>
  </div>
 </body>
</html>
