2422 3976
402 117 462 173 VIL
490 115 617 172 PASSIO
636 116 663 172 S.
683 115 851 171 ARNULFI.
1068 116 1132 181 125

120 280 328 364 Conponunt
351 279 433 343 inibi
455 278 621 362 patefacta
643 279 795 363 caespitis
819 279 892 344 alvo

66 387 100 440 35
119 370 203 434 Bust
189 374 271 449 tum,
295 391 358 452 quo
382 372 532 433 sanctum
557 389 673 469 corpus
697 373 749 432 sat
770 368 937 452 relligiose

118 458 303 524 Inoludunt.
280 457 406 522 tUbi
430 458 526 558 signa
549 457 599 521 sui
622 458 884 610 quamplurima
908 457 1057 522 Christus

118 547 183 611 Pro
207 545 333 610 meritis
358 546 443 611 servi
468 546 617 610 dominus
640 550 750 610 monst
750 546 850 611 ravit:
823 549 909 611 t
932 546 1000 612 ιιιιι

119 635 254 722 Aegrot'
246 657 274 698 rs
231 635 392 699 tvelox
414 635 515 700 variis
539 635 700 699 medicina
723 635 822 699 dabat
807 638 862 699 tur

119 724 351 808 Auxiliumque
375 723 439 788 sibi
462 723 528 789 cito
551 725 738 807 provenisse
762 723 921 806 sciebant,

66 833 101 884 70
120 814 277 898 Martyris
300 811 430 877 Arnulfi
454 813 571 896 quibus
595 812 785 878 intercessio
808 835 972 897 praesens.
1066 833 1068 839 ·

120 903 213 978 Quod
236 902 359 967 factum
382 902 496 966 retulit
520 902 712 985 quantocius
736 902 850 966 inclita
872 901 966 987 virgo

119 992 298 1056 Turonicae
322 990 406 1055 sedis
431 991 517 1055 clero
541 991 727 1075 populoque
749 990 846 1055 fideli.

119 1080 205 1145 Hinc
228 1101 377 1165 regressa
401 1101 497 1162 super
520 1079 704 1144 construxit
725 1080 824 1144 busta
846 1078 935 1144 beati

119 1169 276 1252 Martyris
300 1168 468 1232 ecclesiam
492 1168 599 1232 titulis
624 1173 656 1232 et
678 1168 801 1232 honore
823 1167 914 1232 beati

66 1274 101 1325 75
120 1257 272 1343 Remigii.
310 1257 400 1333 Quae
423 1257 516 1322 duxit
537 1257 584 1320 ibi
607 1257 779 1321 durissima
802 1257 902 1321 vitam

120 1346 263 1411 Patricio
288 1367 360 1409 cum
383 1347 486 1409 fratre
509 1368 578 1427 suo,
602 1345 658 1428 qui
680 1345 890 1428 pontificatus

120 1434 251 1498 Enituit
274 1435 366 1518 solio,
388 1434 531 1518 felixque
555 1435 689 1498 recessit
713 1434 753 1496 ab
778 1433 843 1497 isto
1150 1452 1206 1493 aas

120 1524 170 1587 Ad
196 1523 365 1588 dominum
389 1543 527 1607 pergens
551 1522 671 1586 mundo
697 1522 823 1585 victura
846 1543 904 1605 per
927 1542 1050 1585 aevum.

121 1611 226 1686 Quam
249 1613 334 1698 tegit
357 1611 410 1676 hic
433 1633 554 1696 parvus
577 1611 678 1694 locus,
700 1610 770 1674 illic
792 1610 913 1674 nobilis
937 1609 1048 1673 ambit.

402 1749 519 1820 [Poema
537 1748 704 1804 detrahendi
722 1748 853 1818 occasio]

66 1894 101 1943 80
121 1877 174 1940 En
197 1879 290 1961 quasi
315 1881 543 1961 praesumptor
567 1878 662 1941 labiis
686 1876 838 1941 corrodar
862 1875 966 1939 acutis

121 1964 357 2049 Materiemque
380 1966 474 2030 labor
497 1966 650 2048 carpendi
675 1965 748 2029 vilis
772 1963 921 2046 habebit,

123 2052 156 2117 Si
180 2075 247 2117 non
269 2052 437 2118 obstiterit
459 2053 600 2118 fratrum
623 2053 764 2136 dilectio,
788 2076 925 2137 quorum

123 2141 259 2225 Saepius
282 2142 459 2226 impulsum
483 2165 535 2206 me
559 2142 672 2207 crebra
694 2142 839 2226 precatio
863 2141 964 2206 traxit

121 2230 194 2295 Hoc
218 2231 258 2295 ad
282 2252 378 2332 opus.
402 2230 500 2332 ‘Quin
523 2231 610 2295 omni
633 2236 666 2295 te
690 2232 828 2296 concede
851 2253 891 2314 pe
893 2231 990 2315 tenti,

68 2337 103 2386 85
122 2319 168 2383 E
190 2319 299 2383 licet
290 2342 325 2382 ιιι
349 2319 458 2400 satiris
482 2320 563 2384 recti
588 2321 767 2402 semuncia,
789 2320 882 2402 livor,

121 2407 187 2471 Vix
209 2408 342 2471 haerere
366 2395 453 2472 valet
477 2408 598 2490 stultis,
620 2409 741 2473 habeat
766 2408 877 2472 sedet
900 2408 1001 2472 istud:

123 2495 274 2560 “Debilis
297 2496 418 2560 inhibit
403 2499 455 2561 tos
478 2497 610 2561 inscitia
633 2498 779 2580 possidet
803 2495 928 2578 actusss'

122 2585 185 2649 Est
209 2585 334 2649 aliudt
320 2589 431 2650 tamen
454 2609 471 2650 e
494 2585 622 2650 modico
645 2607 758 2669 parere
781 2585 913 2670 roganti

122 2674 231 2758 Atque
256 2675 343 2738 aliud
366 2674 508 2759 propriis
532 2673 692 2739 confidere
716 2673 854 2738 viribus:
882 2671 964 2736 illud

68 2781 103 2829 90
122 2763 184 2826 Est
208 2785 337 2842 sanum,
360 2763 462 2828 veluti
484 2763 573 2827 istud
597 2761 844 2845 contemptibile
868 2759 996 2825 sordet?

195 2996 264 3044 1064
290 2989 425 3059 ‘cespitis’
493 2989 589 3044 1070*
591 2989 735 3058 praesens'
760 3005 813 3043 sec.
834 3007 871 3042 m
892 3004 1029 3057 superscr.
1050 2986 1134 3041 ‘erat’

125 3066 192 3116 1071
210 3060 396 3128 ‘quantotius’
443 3066 510 3114 1072
527 3059 686 3114 ‘Turonice’
732 3066 800 3114 1075
816 3059 898 3125 ‘Qua’
943 3058 1037 3112 1078*
1040 3057 1133 3111 evum'

123 3163 158 3173 -
176 3130 304 3186 titulus'
296 3149 326 3185 ιιι
345 3131 472 3200 margine
491 3131 630 3213 ascriptus
649 3132 744 3184 est-
767 3136 834 3185 1080
850 3129 1009 3184 ‘conrodat’
1068 3133 1135 3182 1083

125 3201 579 3272 ‘Sepius'1085‘recte’ein
603 3202 612 3254 i
637 3200 845 3255 emendatum‘
848 3200 1009 3255 semiuncia'
1068 3204 1135 3254 1086

125 3274 267 3328 “h'ercre
269 3291 298 3340 s;
311 3279 336 3328 et
349 3275 434 3328 istad’
445 3273 559 3327 verbis‘
562 3271 716 3326 semiuncia
719 3270 835 3326 'littera
848 3289 874 3341 a,
889 3270 964 3324 ‘Uix'
976 3288 1000 3339 c,
1013 3270 1133 3324 ‘herere’

123 3347 153 3400 et
173 3345 273 3399 ‘valet'
293 3346 312 3398 b
336 3360 472 3413 superscr.
539 3341 670 3396 1088*ιᾶ
695 3342 772 3396 aliud
801 3344 845 3396 ost
867 3313 1032 3396 obedienlia
1058 3340 1137 3394 aliud

123 3416 309 3485 presumptio’
326 3415 464 3484 interpres
479 3411 619 3481 quidam'
611 3431 641 3467 ιιι
659 3413 785 3494 margine
800 3412 931 3483 ascripsit
980 3418 1050 3468 1000
1061 3412 1136 3466 *0οι-

123 3486 294 3556 temptibile’
317 3503 371 3541 sec.
391 3504 427 3541 m.
446 3501 581 3556 superscr
599 3485 665 3539 ‘non
684 3483 820 3540 sanabile'
