2422 3976
121 185 180 249 128
357 183 507 238 VIRGILII
522 181 686 237 MARONIS
704 181 913 241 EPISTOLAE.

119 336 234 401 Troiae
263 337 449 400 bellatorem
477 335 612 400 laudans
633 335 711 416 felin
733 335 839 418 inquit
860 336 912 400 illc
934 335 1060 402 Aeneas
1084 341 1139 418 qui

119 424 216 487 demes
239 422 339 486 uictor
362 421 461 485 Troia
480 422 566 503 fouit
590 422 719 485 incensa
740 425 834 500 atquc
855 422 891 484 in
913 419 1048 486 Indiaue
1065 443 1139 504 per·

117 505 1138 673 Nutlltlttllllbtlltltllttelltlltlt

93 590 272 758 riipiatun
306 641 512 737 manifestum
545 678 594 737 est
627 694 665 736 ex
694 610 779 754 ipsii)
802 610 938 736 Isceiii
974 674 1139 739 cuiusdam

120 752 276 822 Aliricani
299 758 514 836 sermonibus,
539 758 653 840 quibus
674 757 840 839 uituperat
854 756 1020 821 Donatum
1043 781 1139 841 quen-

120 844 193 907 dam
221 865 353 907 auarum
388 843 510 907 uirum:
543 843 621 923 qnid
644 843 742 923 faciet
769 842 881 924 inquid
909 843 961 906 illc
989 842 1139 909 Donatus

120 948 244 994 cuorus
264 930 300 991 in
310 929 466 1009 propriis,
490 927 621 1008 cupidus
634 928 671 990 in
686 927 815 1006 clunia,
835 927 893 1008 sur
907 927 1035 991 omna?
1054 928 1138 1012 hnic,

120 1013 201 1096 qnod
215 1011 427 1091 subostendit,
443 1011 519 1074 licet
533 1011 596 1073 alio
609 1010 734 1090 itinere,
749 1011 898 1074 uolumus
911 1012 1043 1075 edocere
1054 1013 1139 1076 inter

82 1116 107 1155 10
121 1098 269 1178 cupidum
292 1100 486 1160 stauarum
508 1094 583 1176 qnid
605 1095 747 1178 intersit,
776 1097 908 1176 cupidus
929 1117 1068 1180 namque
1091 1101 1140 1161 est

121 1183 175 1264 qni
198 1180 287 1262 eupit
308 1200 434 1262 semper
456 1199 588 1262 angere3
611 1198 734 1244 auarus
751 1183 857 1243 autem
873 1180 928 1263 qui
943 1186 1140 1266 congregata

120 1269 285 1328 retentans
313 1263 394 1326 nulli
424 1263 571 1344 largitur.
614 1266 670 1328 istc
701 1266 928 1348 cuiuscumque
959 1268 1138 1330 communis

120 1371 157 1414 ac
178 1349 301 1413 nilioris
323 1348 400 1411 licet
421 1349 558 1412 habetur
580 1369 746 1431 personae.

206 1433 253 1496 De
277 1432 421 1497 articulis
444 1436 549 1497 autem
572 1433 802 1497 nonnullorum
826 1433 952 1497 diuersa
974 1434 1137 1499 sententia

83 1535 107 1574 15
120 1521 183 1600 est3
205 1517 338 1582 tradunt
359 1518 445 1580 enim
468 1517 597 1600 qnidam
620 1517 661 1582 ob
683 1517 715 1580 id
738 1522 794 1580 aut·
809 1517 979 1582 articulata
992 1518 1137 1602 iudicari,

120 1603 194 1687 quia
221 1623 295 1667 oum
316 1603 395 1684 ipsis
417 1603 603 1667 nominibus
626 1624 691 1666 una
712 1601 886 1665 flectuntur
907 1607 944 1665 nt
965 1604 1016 1667 lu'c
1036 1604 1137 1686 bomo,

119 1689 215 1754 huius
241 1688 387 1753 hominis.
426 1689 511 1769 quod
541 1688 568 1750 si
591 1689 637 1751 ita
659 1690 722 1768 est,
752 1687 876 1768 eligant
898 1690 1007 1750 utrum
1029 1689 1139 1751 omnia

120 1773 313 1855 pronomina
335 1771 471 1835 articula
493 1775 626 1852 nocent,
650 1771 724 1854 qnia
738 1770 774 1834 in
788 1771 1004 1835 declinatione
1022 1777 1137 1836 cuncta

121 1857 307 1921 nominibus
330 1856 408 1938 ipsis
431 1856 583 1919 adherere
605 1860 757 1938 possunt,
788 1877 831 1918 an
853 1877 930 1919 nero
952 1856 1077 1920 nullum
1100 1878 1137 1921 ex

82 1957 107 1997 20
121 1941 261 2006 articulis
285 1945 417 2023 excepto
439 1942 490 2004 hic
517 1941 552 2004 in
580 1940 750 2006 articulum
772 1939 961 2021 recipiatur,
991 1942 1066 2024 quia
1088 1963 1137 2005 ce-

120 2032 190 2090 tera
211 2030 346 2109 possunt
367 2025 514 2088 semotim
537 2024 706 2106 declinari,
730 2026 919 2107 praesertim
942 2047 1014 2089 cnm
1037 2030 1069 2089 et
1090 2028 1140 2090 hic

120 2111 292 2193 separatim
322 2130 396 2191 sepe
423 2108 648 2174 auscultemus.
685 2109 749 2172 ista
771 2113 847 2172 sunt
868 2109 919 2174 hic
939 2112 968 2174 is
990 2113 1062 2192 quis
1084 2113 1139 2191 qui

120 2200 155 2258 tn
182 2213 228 2276 sc,
256 2194 331 2256 licet
359 2214 392 2256 se
420 2193 657 2257 nominatiunm
686 2214 810 2257 cassum
839 2198 954 2261 careat.
992 2194 1078 2257 unde
1107 2200 1139 2259 et

120 2278 200 2341 mihi
223 2277 329 2341 uerius
352 2277 492 2350 uidetur,
523 2278 608 2360 quod
630 2278 735 2342 nostri
756 2275 922 2359 adserunt,
945 2297 1040 2340 omne
1058 2287 1134 2361 'pro-

81 2381 111 2420 rs
121 2383 240 2426 nomen
252 2361 472 2445 monosyllabo
484 2363 653 2426 articulum
666 2363 739 2439 dici,
753 2361 837 2444 qnod
849 2362 986 2426 maxime
997 2359 1136 2426 Cicero

121 2447 307 2510 adsentitur.
330 2446 501 2509 articulum
517 2448 687 2512 manifeste
703 2447 930 2511 diminutinum
944 2450 994 2511 est
1009 2446 1135 2530 deante,

120 2532 205 2595 unde
233 2535 266 2595 et
292 2531 401 2593 multis
428 2532 557 2595 uidetur
583 2535 659 2596 tunc
691 2531 862 2596 articulum
895 2531 975 2614 dici,
1010 2533 1137 2615 quando

120 2614 341 2699 monosyllaba
363 2614 462 2679 fuerit
483 2619 520 2679 ut
540 2618 591 2681 bic
613 2618 683 2699 quis
704 2618 748 2695 is,
778 2618 811 2679 et
832 2616 893 2680 hoc
916 2616 1040 2701 figurae
1062 2618 1138 2680 sim-

120 2700 229 2782 plicis3
259 2721 331 2764 cum
353 2704 460 2764 autem
483 2702 696 2785 compositum
718 2701 832 2781 fuerit,
856 2701 1078 2784 <pronomen>
1101 2706 1138 2764 ut

81 2803 107 2843 so
120 2786 266 2866 quisquc,
288 2786 385 2867 idem,
408 2785 499 2850 bioca
533 2786 611 2850 haec
634 2786 672 2850 de
695 2784 848 2851 articulis.

207 2869 268 2932 Pro
290 2869 395 2934 dolor!
426 2892 502 2934 sane
525 2876 558 2934 ot
580 2871 669 2934 omni
690 2869 897 2933 miseratione
920 2870 1057 2953 dignum
1078 2873 1137 2951 est,

121 2953 203 3036 quod
218 2954 312 3017 multi
327 2953 406 3017 haec
422 2955 556 3019 articula
567 2954 741 3018 secundnm
754 2954 896 3017 ordinem
911 2959 1136 3037 corruperunt:

120 3060 197 3102 nam
219 3060 300 3122 quae
323 3040 528 3103 subiunctiua
550 3061 617 3103 esse
640 3039 836 3122 debuerunt,
857 3040 1076 3124 praepositius
1091 3039 1138 3102 fe-

189 3246 202 3292 1
221 3242 318 3293 troeae
337 3239 372 3293 N
380 3241 417 3309 12
437 3241 497 3310 qui]
519 3240 587 3308 quin
604 3240 638 3294 N
647 3242 656 3309 11
669 3241 814 3295 incensaee
828 3241 862 3295 N
870 3242 880 3310 1
893 3248 908 3296 3
922 3239 1068 3295 oontennis
1080 3239 1113 3293 N
1123 3241 1136 3310 11

120 3341 313 3418 odenativnm
325 3340 359 3394 N
368 3340 378 3407 11
393 3347 423 3394 12
442 3341 594 3396 commonia
607 3341 638 3396 N
650 3344 705 3409 1114
723 3342 853 3397 anticulis
864 3343 899 3396 N
907 3344 916 3411 11
932 3348 962 3396 15
974 3320 1068 3409 indidit
1078 3342 1112 3396 N
1123 3343 1136 3410 11

122 3415 153 3463 18
172 3424 336 3481 pronomine
355 3409 390 3462 N
398 3411 408 3476 11
422 3416 453 3462 22
472 3410 624 3465 scultemns
642 3410 676 3465 N
685 3412 740 3477 1125
758 3426 842 3464 mono
856 3409 1028 3478 dissyllabae
1041 3409 1139 3478 11129

120 3476 308 3545 cumpositum
325 3476 360 3531 N
368 3477 378 3545 11
390 3492 546 3547 pronomen
564 3479 630 3536 add.
648 3478 720 3532 Mai.
