2354 3946
126 154 190 218 104
402 153 463 210 VII.
490 153 617 210 PASSIO
637 154 663 210 S.
682 153 853 210 eurtum

52 333 106 384 500
124 318 288 383 Mirantur
311 317 422 401 multi,
444 316 516 382 laus
540 316 657 382 crescit
677 317 799 402 ubique
822 319 967 384 creantis

124 405 196 473 Hoc
220 407 315 493 signo
339 406 464 491 audit03
488 405 688 471 contendunt
710 427 864 490 quaerere
886 407 1022 493 vulgus,

125 495 196 572 Qua
219 496 332 560 rutilet
358 495 485 579 lampas
510 493 600 558 radio
623 493 774 558 vibrante
798 515 925 578 serena,

480 680 514 690 -
533 648 588 705 Ubi
605 648 731 705 innotuit
747 680 783 690 -

125 761 290 825 Emittens
315 781 450 844 operum
473 759 567 823 iubar
590 758 784 823 admirabile
808 759 936 843 5555115,

127 848 259 914 Scilicet
282 847 440 913 Amulius
463 848 578 912 taetris
601 846 825 912 incommodus
849 847 987 934 umbris,

54 953 106 1003 505
126 937 227 1015 Quem
254 937 331 1002 deus
354 937 389 999 in
412 935 551 1000 sublime
574 935 681 1000 ferens
704 936 812 1001 lucere
834 935 982 1020 iubebat,

125 1027 196 1089 Iam
220 1026 298 1110 quin
321 1024 457 1089 ulterius
481 1024 586 1088 lateat
608 1028 677 1089 tam
701 1025 791 1089 01555
813 1025 955 1100 lucerua.

124 1111 225 1176 Fama
248 1112 363 1177 501555
387 1111 494 1196 agitat
517 1113 629 1194 plebes
653 1116 751 1196 atque
775 1112 893 1197 arrigit
916 1135 1027 1200 eures,

124 1199 217 1264 Unde
241 1199 339 1264 simul
362 1199 505 1263 clamore
527 1202 646 1283 petunt
669 1200 732 1265 sibi
754 1200 927 1285 propitiari
1153 1220 1164 1261 1.

302 1386 336 1395 -
355 1355 412 1411 Ubi
429 1355 618 1426 pusillanimis
635 1356 734 1427 fugam
751 1356 906 1414 meditatur
925 1389 958 1399 —

124 1466 220 1539 Hunc
239 1465 442 1550 <sanctum>.
480 1465 574 1541 Quod
591 1466 685 1530 valde
706 1467 826 1532 timeus
850 1467 1021 1533 exhorruit
1045 1474 1141 1554 atque

54 1570 106 1620 510
125 1555 295 1622 1155015555
319 1577 395 1621 mox
416 1555 473 1619 ille
496 1554 610 1640 fugam
634 1554 811 1620 meditatur
834 1558 867 1618 50
890 1557 983 1621 exsul

125 1644 207 1709 Vult
229 1645 313 1727 11551,
335 1666 376 1709 55
399 1646 578 1728 temptetur
600 1642 751 1727 deceptus
775 1665 885 1708 amore

124 1731 245 1798 Laudis
268 1754 454 1819 pomposae.
496 1730 589 1806 Quod
611 1752 749 1796 noscens
773 1731 923 1814 protinus
947 1733 1058 1799 almus

467 1920 502 1930 -
520 1889 577 1945 Ubi
595 1887 738 1945 refovetur
756 1907 790 1928 ·-

125 1998 296 2084 Remigius
319 1998 453 2063 mandat
477 1999 540 2063 sibi
563 1996 802 2082 praesentarier
824 1997 917 2063 illum

127 2087 175 2151 Ac
198 2109 354 2152 revocans
378 2087 522 2151 animum
545 2090 654 2152 motus
677 2086 838 2150 demulcet
861 2085 1002 2151 amicum

54 2190 108 2240 515
126 2175 187 2239 His
210 2175 332 2239 verbis:
354 2173 441 2238 ‘Tibi
463 2196 529 2238 non
553 2174 681 2257 durum,
704 2173 870 2239 carissime
893 2173 1007 2260 frater,
1039 2221 1041 2224 -

127 2263 220 2339 Quod
243 2267 276 2325 05
300 2262 493 2343 simplicitas
517 2263 644 2344 quaerit
666 2263 827 2346 populosa
849 2263 967 2345 videre,

125 2349 194 2415 Nec
217 2349 328 2414 trahat
350 2347 416 2413 ista
438 2354 531 2413 tuum
553 2371 604 2414 res
627 2350 662 2414 in
685 2351 851 2416 contraria
874 2373 1017 2418 sensum

125 2437 240 2502 Artius
263 2437 340 2501 hinc
363 2437 463 2502 solito
486 2438 637 2522 precibus
661 2461 833 2504 consuesce
856 2438 1027 2525 profundis

126 2525 287 2612 Spemque
310 2526 471 2612 fidemque
493 2533 584 2592 tuam
608 2526 684 2594 Iesu
706 2529 876 2593 committe
896 2528 1068 2614 tuendam,

54 2631 107 2681 520
127 2614 189 2692 Qui
212 2616 339 2682 maiore
361 2617 418 2683 dat
441 2640 478 2683 50
501 2617 673 2702 quisquam
697 2618 869 2701 deposcere
891 2620 1004 2681 055050.

126 2703 265 2791 Magnus
290 2706 376 2770 enim
399 2707 561 2791 dominus3
588 2729 724 2772 numero
746 2728 813 2771 non
836 2705 1000 2770 clauditur
1024 2705 1094 2773 eius

125 2794 282 2860 Immanis
306 2795 419 2878 virtus,
443 2818 525 2880 quae
548 2795 605 2859 dat
628 2794 866 2879 quaerentibus,
889 2797 926 2858 ut
948 2793 1034 2879 5510,

126 2884 349 2970 Agnoscitque
373 2905 448 2948 suos
472 2884 557 2946 inter
579 2883 740 2947 condensa
762 2883 924 2946 malorum

125 2973 270 3058 Agmina
293 2971 496 3053 commixtos,
519 2973 552 3033 et
575 2969 652 3053 quid
675 2969 830 3034 mercedis
845 2970 999 3055 ‚utrisque

197 3168 249 3219 503
270 3161 393 3218 ‘iocabar’
460 3164 512 3214 504
532 3158 635 3212 ‘tetris’
699 3163 750 3213 507
772 3157 893 3226 ‘agitari'
914 3178 932 3213 n
955 3158 986 3213 in
1007 3162 1022 3213 t
1044 3176 1140 3217 emen-

125 3234 224 3288 datum
249 3232 378 3300 ‘arrigat’
402 3231 413 3284 i
437 3245 573 3299 superscr.
651 3248 677 3283 v.
698 3234 749 3282 509
773 3245 828 3283 uno
857 3230 928 3299 pede
955 3229 1068 3287 brevior
1097 3235 1141 3288 550

126 3310 179 3359 510
200 3303 286 3358 ‘exul'
357 3306 409 3356 514
434 3299 579 3354 ‘amicum'
603 3297 659 3352 nisi
687 3300 808 3353 scribere
836 3301 931 3354 malis:
961 3301 1067 3357 ‘amic’
1092 3305 1140 3359 vel

127 3373 238 3428 ‘culmi'
254 3386 306 3440 pro
322 3370 469 3424 ‘animum’
522 3375 574 3424 515
591 3369 623 3425 ‘a
640 3370 742 3424 durum
760 3370 829 3425 11055
845 3372 896 3437 ft!
945 3376 996 3426 518
1014 3372 1137 3442 ‘petbus’

127 3441 331 3496 ‘consuescere'
347 3444 472 3496 extrema
491 3439 602 3508 syllaba
620 3440 759 3495 exstincta
815 3441 1041 3496 522‘1mmanis’
1061 3442 1140 3500 linea

126 3513 222 3566 subter
240 3511 327 3566 ducta
346 3514 374 3566 et
394 3509 545 3565 ‘sublimis'
566 3526 701 3581 superscr.
723 3511 927 3579 ‘querentibus'
