2354 3946
342 187 403 243 VII.
432 185 559 242 PASSIO
580 187 607 244 S.
626 185 797 242 ARNULFI.
1013 186 1074 250 121

61 350 199 416 Funeris
223 350 381 431 officium,
404 351 550 432 psalmos
574 353 607 414 et
630 354 738 415 cetera
762 371 908 434 quaeque

61 438 236 504 Perficiens
261 438 389 502 ardenti
413 441 531 521 anime,
555 460 637 522 quae
660 439 906 522 postulatusne

11 546 44 595 35
64 529 109 594 Et
131 528 274 593 retinent
298 526 415 611 apices,
440 527 570 592 domino
594 526 801 592 commendat
824 526 969 592 amicum.

64 615 150 681 Dum
173 617 260 680 foret
281 615 334 680 his
358 618 443 680 curis
466 618 612 680 intentus
635 615 730 680 valde
754 614 866 680 diebus

63 703 140 770 Non
162 705 284 789 paucis,
308 741 352 753 -
374 726 562 790 nuncusque
585 703 679 768 labor
701 705 840 769 lustrare
863 704 1036 788 procellas3

63 793 134 859 Iam
157 815 234 858 vero
258 797 372 878 portus
396 797 429 857 et
451 794 549 859 litora
571 798 643 857 tuta
666 792 829 857 videntur:

65 882 255 947 Auxiliante
279 882 338 945 deo
362 883 527 947 solvamus
550 882 623 946 vela
646 881 748 967 quieti
773 918 812 928 -
1096 907 1112 947 r.
1125 899 1164 946 aar

12 989 45 1037 4ο
63 970 255 1054 Hospitium
278 974 438 1054 repetens,
461 970 517 1034 ubi
541 992 612 1035 sese
635 970 757 1054 aliquid
779 974 953 1053 recrearet,

65 1060 189 1126 Rursus
214 1060 253 1123 ad
277 1059 381 1144 optati
404 1058 572 1124 remeabat
594 1063 682 1123 tecta
706 1059 855 1143 sepulcri.

66 1147 201 1234 Saepius
225 1148 288 1213 huc
310 1148 438 1212 rediens
462 1169 535 1212 cum
559 1148 698 1232 quadam
720 1151 816 1212 nocte
839 1148 976 1232 veniret,

64 1237 150 1302 Ecce
173 1236 253 1300 mali
276 1237 360 1300 servi
385 1240 560 1320 sponsatae
584 1237 720 1321 virginis
744 1237 822 1322 eius,

66 1324 165 1391 Cuius
188 1325 254 1390 iam
279 1324 399 1389 dudum
423 1325 571 1389 meminit
594 1325 757 1390 sententia
780 1326 915 1409 scripta,

12 1431 46 1480 45
64 1413 220 1479 Fastibus
244 1417 277 1478 et
301 1413 419 1499 gladiis
443 1414 562 1477 armati
583 1415 620 1478 in
643 1413 726 1478 calle
748 1417 914 1499 repertum

64 1501 129 1567 Pro
153 1503 259 1568 dolor!
282 1503 446 1567 insontem
469 1524 536 1566 non
558 1523 662 1586 pauco
685 1503 819 1567 verbere
842 1502 993 1582 caedunt,

64 1589 157 1656 Unus
181 1595 215 1654 et
238 1611 277 1655 ex
300 1591 366 1654 illis
391 1591 513 1655 librata
537 1591 668 1676 cuspide
690 1589 770 1655 ferri

15 1733 20 1736 .
63 1678 235 1764 Intorquet
258 1679 402 1744 validum
424 1679 526 1765 capiti
550 1680 619 1743 eius
642 1679 767 1745 viribus
790 1681 905 1763 ictum,

65 1767 136 1844 Quo
160 1769 266 1832 laesus
290 1769 435 1852 graviter
458 1768 525 1832 ruit
547 1773 580 1833 et
602 1789 704 1852 prope
727 1769 884 1833 terminat
906 1768 999 1832 illum

9 1875 46 1925 5ο
65 1855 183 1921 Exitus
207 1861 378 1941 extremus,
404 1857 459 1921 sed
483 1857 587 1921 adhuc
609 1856 643 1920 in
666 1860 798 1941 pectore
821 1861 950 1921 tantum

64 1943 213 2031 Exiguae
236 1946 322 2009 vitae
346 1945 510 2029 pendebat
532 1946 665 2028 spiritus
690 1967 816 2029 anceps.

66 2033 146 2110 Quis
170 2034 294 2099 similes
318 2033 382 2097 dici
405 2034 494 2130 valet
515 2033 598 2098 istos
623 2055 693 2098 esse
717 2034 890 2119 malignos,

66 2121 129 2197 Qui
151 2122 278 2186 facinus
301 2127 370 2187 tam
394 2123 517 2207 grande
540 2122 638 2186 simul
659 2121 765 2187 fecere
788 2123 958 2188 volentes?

65 2210 148 2294 Illis,
171 2211 226 2296 qui
250 2209 449 2293 Stephanum
474 2212 650 2295 quondam,
672 2232 739 2276 non
761 2211 932 2276 inferiores

10 2318 43 2368 55
63 2298 149 2364 Esse
172 2300 290 2383 liquet,
313 2299 459 2382 lapidum
481 2304 690 2384 prostrarunt
713 2300 869 2384 grandine
893 2305 1050 2366 sanctum.

65 2386 138 2463 Quo
161 2388 250 2452 facto
273 2387 403 2471 fugiunt
425 2393 618 2472 noctemque
640 2411 698 2472 per
721 2388 795 2453 avia
818 2389 951 2471 ducunt,

64 2473 192 2559 Utpote
215 2497 296 2560 quos
320 2497 411 2541 error
433 2481 504 2541 tam
526 2498 640 2542 caecus
663 2477 912 2561 praecipitabat.

64 2563 183 2629 Adfuit
205 2565 268 2629 hoc
290 2565 377 2630 facto
400 2565 598 2630 venerabilis
622 2565 856 2648 omnipotentis

64 2651 172 2739 Virgo
196 2653 261 2735 dei,
285 2651 492 2739 Scariberga3
516 2653 630 2718 dolens
653 2653 831 2736 faciemque
854 2652 964 2718 refusa

10 2762 43 2812 30
64 2739 217 2805 Ubertim
241 2741 385 2806 lacrimis
409 2742 549 2827 quaerit,
573 2762 636 2825 quo
661 2742 804 2824 corporis
828 2746 919 2806 artus

64 2829 147 2895 Post
170 2830 296 2895 obitum
317 2829 426 2894 ferret.
469 2830 532 2907 Qui
556 2835 725 2894 consecrat
746 2829 822 2894 ilico
845 2830 954 2895 velum

64 2917 176 3002 Atque
199 2940 298 2983 manu
321 2922 416 2983 tensa
439 2919 538 3003 capiti
561 2918 643 2982 illud
666 2918 801 3002 virginis
826 2919 932 2982 almae
1098 2939 1113 2979 5.
1126 2932 1168 2979 rav

62 3005 210 3091 Imponit
234 3009 418 3090 mulcetque
440 3007 505 3090 piis
528 3006 694 3071 adfatibus
717 3007 809 3071 illam

64 3093 191 3160 ‘Dulcis
215 3098 332 3179 amica,
354 3095 464 3178 nihil,'
490 3096 607 3179 dicens,
631 3095 693 3160 ‘me
716 3095 827 3181 passio
850 3095 976 3178 turbat,

10 3203 42 3256 35
65 3183 172 3259 Quam
195 3185 272 3250 bibo
295 3206 382 3249 nunc
406 3189 516 3270 grates
539 3183 682 3248 referens
704 3206 764 3268 pro
789 3184 948 3268 sauguine
970 3181 1055 3268 fuso,

137 3346 189 3395 933
210 3341 343 3410 ‘queque’
394 3346 448 3395 934
464 3341 541 3410 ‘que’
589 3345 640 3394 937
657 3341 708 3395 ‘nc
726 3340 798 3409 usq'
846 3345 897 3394 941
914 3340 1077 3409 ‘sepulchri'

63 3414 118 3466 949
138 3409 261 3481 ‘Sepias’
328 3417 380 3466 949
401 3411 555 3480 ‘sponsata'
620 3416 672 3466 946
693 3411 819 3466 ‘cedunt'
880 3415 933 3466 949
954 3409 1077 3467 ‘librato’

63 3487 117 3536 949
139 3478 236 3536 ‘lesus’
303 3487 354 3537 951
376 3483 506 3553 ‘Exigue’
573 3486 624 3536 959
646 3483 739 3537 ‘cecus
761 3481 962 3552 precipitabat'
1027 3484 1081 3539 959

63 3552 176 3608 ‘Anne’
233 3558 285 3608 950
306 3554 422 3622 ‘querit'
478 3558 531 3608 969
551 3551 649 3608 ‘alme’
706 3558 758 3609 959
779 3553 932 3609 ‘affatibus'
