2354 3946
352 174 402 233 VI.
427 172 476 227 DE
494 172 780 232 CONIUNCTIONE.
1017 174 1078 240 169

56 328 143 394 nolti
175 332 294 394 etenim
325 346 392 392 non
424 327 631 409 intelieaentes
660 328 728 392 nin
760 327 880 392 latinae
912 329 1076 409 orationis,

58 414 139 479 indi
158 412 377 479 similitudine
383 460 393 495 ,
416 416 526 497 partes
542 432 604 493 pro
621 412 770 494 partibas
788 415 926 494 ponant,
949 413 1030 476 sicnt
1050 418 1079 477 ct

57 499 148 580 noo,
177 497 267 579 qnod
290 515 362 579 sepe
389 497 486 579 leone
511 497 644 561 solenus
672 497 980 577 ‘inpraesentiarnn’
1006 517 1078 560 can-

57 584 197 664 indunt
218 583 446 659 nescientesque
467 581 546 663 qnid
565 582 623 662 sit,
652 580 780 646 donant
800 581 956 663 syllabam
977 585 1077 645 extre-

60 688 141 733 mam
156 669 258 732 ‘cnm'
274 669 311 730 ni
319 670 445 748 ponant
458 667 506 731 ‘in
515 666 722 748 praesentia,
735 664 885 746 facientes
899 664 1078 730 ablatinnn
1103 683 1116 722 s

59 770 164 817 canem
186 770 261 816 acm
276 752 527 833 praepositione,
553 750 638 832 qnod
658 751 785 814 annino
807 751 993 814 canneniens
1013 769 1079 815 nan

59 842 105 901 osi.
144 855 229 901 nam
251 836 563 917 ‘icnraesentiarnn’
585 854 686 899 nnnn
708 835 896 900 adnerbinn
908 833 990 915 facit
1004 839 1078 898 ten-

53 921 180 1004 porali,
202 924 241 985 nt
261 921 304 985 sit
324 927 418 1001 qnasi
438 921 651 1001 ‘praesentias’
674 918 790 984 similet
812 919 898 983 etin
918 918 974 982 icoc
988 920 1078 984 nodo

58 1006 265 1087 ndnonnnn,
292 1005 371 1086 qnia
390 1008 507 1086 patant
523 1003 604 1085 fatis
626 1004 755 1068 ‘decens’
772 1004 984 1086 pectinatam
1006 1023 1078 1069 esse.

58 1110 132 1154 nan
153 1088 235 1155 haec
254 1089 369 1170 naba,
392 1108 474 1170 qnae
494 1089 665 1153 secandam
685 1107 837 1169 personas
858 1089 1021 1170 deficiant,
1044 1093 1080 1152 nt
1093 1105 1118 1145 10

60 1175 165 1253 ‘lecet
189 1177 323 1257 oportet,
345 1174 434 1238 noa
457 1177 486 1237 et
506 1177 620 1250 cana,
643 1173 821 1254 partieipia
842 1173 934 1238 nnita
955 1173 1078 1237 tabent.

59 1262 198 1342 west
211 1277 284 1340 erac
298 1262 336 1322 nt
350 1258 480 1323 ‘decens'
495 1258 657 1339 intelleaas
670 1276 784 1321 nonen
799 1275 861 1322 esse
876 1258 1078 1338 adiectinnni,

54 1342 223 1426 participi
251 1343 377 1424 anicien
403 1341 520 1423 nenia,
546 1343 627 1406 sicin
652 1346 680 1406 et
708 1343 894 1407 ‘condecens’
925 1361 956 1406 es
983 1344 1079 1407 ‘incle-

60 1434 138 1493 oens’
162 1432 194 1492 et
214 1428 415 1510 ‘perdeeens'.
447 1425 527 1490 haee
542 1428 707 1492 Aeneas.
737 1447 850 1490 uerum
865 1427 1017 1509 quoniam
1041 1427 1079 1489 de

60 1510 233 1596 participio
261 1515 294 1575 et
321 1511 356 1575 in
384 1511 445 1574 hoo
473 1513 506 1574 et
527 1510 562 1573 in
584 1531 682 1593 supra
703 1514 881 1574 memorato
905 1531 980 1593 sepe
1003 1525 1118 1593 opu-1⁵

60 1596 146 1661 seulo
174 1594 375 1660 sufficienter
402 1594 605 1659 edisseruisse
628 1616 680 1658 me
702 1595 856 1673 arbitror,
887 1598 1081 1677 oportunum

61 1680 133 1746 haio
156 1680 315 1764 epistolae
336 1679 434 1744 finem
456 1679 549 1744 dabo.

316 1879 372 1946 VI.
402 1880 463 1946 DE
486 1879 827 1948 CONIUNCTIONE.

142 2015 285 2082 Uidetnr
311 2015 407 2099 mihi,
435 2016 483 2080 fili
509 2016 688 2099 carissima,
716 2015 796 2079 haec
817 2035 891 2097 pars
914 2013 1080 2090 orationis,

61 2122 141 2187 qnae
165 2101 351 2166 coniunctio
373 2103 524 2179 uocatur,
548 2100 662 2165 similis
684 2122 753 2165 asse
774 2098 998 2164 incastraturis
1011 2098 1082 2182 qui·

61 2186 197 2251 busdam
218 2186 272 2250 nel
294 2187 438 2263 nexura,
462 2186 577 2269 quibus
599 2186 773 2250 ulnoienda
788 2204 1004 2268 quaecumque
1019 2182 1081 2247 ool·
1095 2209 1120 2248 io

61 2270 208 2355 ligantur
224 2270 407 2353 molimina,
420 2270 622 2354 maximeque
635 2269 863 2334 tabulatorum.
890 2268 948 2333 tali
963 2268 1083 2333 etenim

62 2354 156 2421 nodo
178 2356 260 2420 haee
282 2355 441 2438 particula
463 2356 633 2439 coniungit
655 2359 687 2419 et
707 2354 913 2438 conglutinat
928 2354 1083 2418 dictiones

62 2460 98 2505 ae
119 2439 309 2505 sententias.
345 2439 435 2504 ouius
456 2443 650 2523 potestatem
672 2441 707 2502 in
729 2440 870 2522 quinque
892 2439 1016 2522 speeies
1038 2437 1084 2500 di-

61 2526 163 2590 uisam
191 2528 317 2590 ueteres
344 2529 575 2606 annumerant,
603 2545 735 2607 quarum
758 2524 862 2607 prima
884 2526 934 2587 est
956 2521 1083 2607 copula·

62 2610 146 2692 tina,
170 2629 253 2693 quae
275 2609 404 2693 proprie
426 2608 513 2673 diota
535 2609 713 2692 coniungit.
750 2610 785 2672 in
801 2608 993 2691 copulatiuis
1009 2628 1084 2671 oon·
1097 2623 1122 2664 2⁵

62 2694 300 2775 iunctioribus,
334 2713 416 2777 quae
443 2714 577 2759 numero
605 2714 660 2756 sex
689 2696 764 2756 sunt
796 2698 825 2758 et
855 2713 893 2758 ac
920 2697 955 2759 at
982 2693 1085 2774 adone

63 2784 121 2863 ost,
141 2800 175 2845 ee
188 2798 306 2864 graeca
320 2777 507 2842 assumitur:
530 2780 671 2842 extreme
687 2778 772 2842 enim
788 2777 873 2861 apud
890 2776 1010 2842 Grecos
1025 2797 1084 2859 pro

64 2868 92 2929 et
117 2884 247 2947 semper
273 2862 416 2946 ponitur.
454 2863 587 2927 ethaeo
610 2862 794 2943 copulatius
815 2861 1012 2926 subiunctiui
1035 2881 1084 2923 or·

64 2947 147 3013 (finis
175 2947 247 3012 fieri
276 2946 359 3010 solet
385 2946 470 3030 apud
501 2968 561 3011 nos
590 2946 772 3011 dumtaxat:
801 2950 941 3011 ceterum
970 2945 1006 3008 in
1028 2964 1085 3007 sua

129 3155 146 3203 4
164 3149 329 3206 extreman
346 3148 391 3215 N,
410 3150 566 3203 extremam
584 3147 649 3201 Mai
666 3148 709 3215 118
727 3147 811 3200 simili
828 3146 863 3200 Ν
867 3147 887 3266 g
903 3151 918 3198 9
937 3144 1008 3197 vatis
1025 3144 1085 3265 NH

65 3223 95 3273 lt
105 3232 190 3287 spera
201 3215 238 3271 N
246 3218 258 3285 t
273 3223 304 3272 16
322 3216 550 3288 edisserrnissime
563 3220 600 3283 (a,
613 3232 648 3270 en
658 3215 680 3279 i)
692 3215 725 3269 N
735 3216 745 3282 ΙΙ
757 3212 865 3267 EXPLI
888 3211 925 3265 IT
944 3210 1059 3275 QUINT

64 3290 351 3381 ns'PIRrrcfflo.
378 3300 516 3379 INCIPIT
536 3299 654 3376 SEXTN
672 3297 720 3351 DE
739 3294 1016 3375 CONIUNCTIONE
1028 3295 1063 3350 N
1067 3295 1085 3430 ξς

64 3376 95 3426 18
112 3385 260 3443 eanmme
273 3370 284 3438 t
296 3375 328 3423 21
347 3368 495 3422 mnhmma
511 3367 545 3421 N
554 3368 564 3436 n
576 3379 754 3436 maximeque
771 3363 805 3418 N
812 3366 822 3432 ll
834 3364 940 3417 etemm
960 3366 999 3430 (e,
1016 3379 1049 3419 ea
1064 3380 1074 3415 1

62 3472 114 3541 ru
126 3480 159 3530 n
170 3439 229 3546 ὄψ’
241 3470 355 3526 aenon
371 3471 410 3527 a.
