2354 3946
407 203 453 260 IX.
481 204 570 259 VITA
593 203 620 258 S.
640 203 791 261 elstani.
1043 205 1106 270 157

96 366 290 451 Olfactuque
314 387 433 431 canum
455 366 657 431 circumdans
680 367 787 432 lustra
809 367 965 452 ferarum,

98 455 138 519 Se
161 455 250 519 dedit
273 475 350 519 ursa
372 454 470 538 fugae
494 476 593 538 quare
615 476 769 540 percussa
792 456 908 521 timore

25 560 78 610 185
98 544 240 628 Pignera
263 565 338 607 cara
361 543 435 607 luco
458 543 607 626 linquens
632 543 799 608 subtristis
823 545 943 628 opimo.

97 632 183 696 Nam
207 633 351 696 sonitum
374 631 448 695 litui
472 632 589 696 chorus
612 631 766 697 mittebat
787 632 823 695 in
846 633 948 716 auris3
1126 660 1142 698 r.
1156 656 1177 697 o*

97 720 190 786 Invia
213 740 340 804 quaque
363 720 463 802 rapit,
486 721 576 784 canis
599 720 661 785 hac
684 719 832 784 sollertia
854 722 975 806 tendit3
1124 730 1166 770 001·

97 808 286 892 Insequitur
308 808 402 872 miles
426 830 527 873 cornu
551 810 731 892 crepitante
753 808 889 874 furores.

99 896 243 962 Tandem
262 899 374 960 tranat
393 917 520 980 aquam,
539 895 655 961 Gallus
675 919 771 982 quam
791 897 921 963 dictitat
938 897 1105 982 Hagnam3

27 1002 80 1052 190
100 986 228 1050 Adsunt
251 988 284 1050 et
306 985 427 1067 lynces,
451 988 562 1068 captat
585 1007 666 1069 quos
689 986 809 1069 praeda
832 989 1018 1070 sequentes:

98 1074 236 1139 Flumen
258 1073 505 1156 transvolant,
527 1073 705 1158 fugientem
727 1074 884 1159 prendere
907 1077 1043 1139 certant.

98 1161 183 1227 Ursa
205 1161 379 1246 fatigatam
402 1183 498 1226 cursu
521 1162 578 1226 sed
601 1163 747 1247 corporis
770 1185 888 1227 urnam

99 1248 266 1315 Condebat
288 1249 398 1314 tunica
420 1250 595 1314 venerandi
617 1252 779 1335 praesulis
803 1253 903 1336 alma,

99 1338 188 1403 Tunc
211 1338 297 1402 inter
319 1338 452 1403 frutices
477 1360 635 1423 suspensa
657 1343 694 1404 ut
716 1338 802 1404 forte
826 1339 965 1423 iacebat,

28 1443 80 1493 195
99 1426 148 1491 Ac
171 1426 199 1490 si
222 1449 295 1491 oum
319 1426 436 1490 catulis
460 1449 574 1492 secura
597 1427 748 1492 cubasset
769 1427 804 1490 in
827 1428 939 1491 antris.

100 1513 238 1580 Cernere
261 1514 311 1578 fas
334 1514 455 1597 fuerat,
478 1516 564 1599 quod
587 1515 648 1579 sub
671 1515 849 1580 munimine
874 1515 984 1579 stabat

98 1602 211 1668 Bestia
234 1601 360 1668 Cisleni
382 1606 506 1669 vestem
530 1603 649 1668 mirata
671 1603 770 1667 beati.

99 1691 256 1757 Praedam
280 1692 400 1776 quippe
421 1691 546 1776 vident,
569 1691 675 1757 rabies
699 1712 780 1775 quos
803 1691 894 1755 flexit
916 1690 1051 1755 ibidem:

99 1779 237 1844 Eminus
262 1779 434 1862 assistunt,
458 1779 599 1844 latrandi
622 1780 694 1844 iura
716 1779 886 1863 fatiscunt3

27 1884 81 1933 200
100 1867 184 1933 Hinc
207 1868 342 1933 sistrum
365 1871 510 1947 resonat,
534 1868 669 1934 canibus
693 1868 750 1933 sed
773 1869 880 1933 cursio
904 1872 1023 1952 cessat3

99 1955 204 2020 Milite
226 1957 407 2040 pulsantur,
430 1957 534 2021 sancti
558 1956 614 2022 sed
639 1958 711 2041 lege
735 1960 895 2021 tenentur.

100 2044 193 2109 Talia
215 2049 285 2109 tum
309 2066 424 2129 spurco
450 2048 584 2129 captans
608 2045 669 2109 sub
693 2045 789 2111 corde
812 2048 949 2110 venator

98 2131 227 2197 Irarum
250 2132 368 2198 techna
390 2136 480 2197 totus
504 2133 710 2199 succenditur
733 2134 851 2218 ampla.
940 2176 944 2182 -

100 2221 255 2307 Assurgit
279 2243 385 2286 sermo
409 2225 554 2287 cassatus
577 2222 719 2289 nectaris
743 2244 838 2287 auro:

28 2325 82 2376 101
101 2308 221 2395 Culpat
243 2310 430 2395 pontificem
454 2312 583 2395 magica
605 2333 702 2396 super
725 2314 795 2376 arte
818 2311 947 2376 fidelem

101 2396 243 2463 Crimine
266 2400 440 2463 verborum
464 2402 581 2484 gravat
604 2403 638 2464 et
659 2399 715 2485 pia
737 2399 836 2466 corda
858 2401 1012 2464 clientum

100 2486 229 2551 Asserit
252 2509 290 2551 ac
312 2508 436 2570 poenae
459 2487 634 2553 tradendos
657 2488 762 2554 iudice
785 2509 871 2573 rege.

99 2573 220 2639 Exstat
241 2579 379 2640 naturae
403 2576 555 2659 multum,
579 2575 665 2658 quod
688 2576 850 2659 discrepat
872 2575 907 2640 in
930 2596 978 2640 re:

100 2662 191 2748 Ergo
215 2663 301 2748 quod
325 2667 375 2728 est
398 2663 549 2747 hominis,
572 2664 669 2728 nimis
693 2685 806 2747 expers
830 2663 868 2727 fit
891 2664 1036 2746 rationis,

27 2767 83 2818 210
101 2750 163 2815 Vel
188 2751 274 2835 quod
297 2753 383 2816 inest
406 2752 529 2834 beluae,
554 2751 674 2837 gaudet
697 2751 834 2816 rationis
858 2751 990 2834 honore,

103 2838 215 2904 Gloria
239 2838 363 2905 Cisleni
388 2840 444 2904 sed
468 2862 531 2924 quo
554 2839 787 2922 oonsplendeat
809 2839 891 2904 orbi.

101 2928 176 3011 Ipse
200 2928 329 3013 quidem
352 2928 484 2992 virtutis
508 2927 613 2992 honos
636 2928 769 3013 pietatis
793 2931 826 2992 et
849 2927 964 2992 archos
1130 2955 1172 2994 ra

101 3015 238 3080 Innixus
261 3015 393 3081 domino
416 3017 535 3083 mentis
559 3017 707 3100 concepit
729 3016 764 3080 in
787 3019 892 3099 antro,
1128 3025 1170 3066 00¹·

101 3103 268 3190 Prompsit
292 3104 379 3189 quod
401 3105 500 3170 verbo
524 3104 658 3169 caelesti
680 3127 753 3170 rore
776 3108 946 3188 peruncto:

174 3352 225 3404 187
251 3349 306 3403 ‘ac’
331 3347 428 3404 littera
449 3348 469 3402 h
491 3347 585 3404 minus
610 3347 688 3403 clara
715 3364 850 3418 superscr.
926 3353 977 3403 100
1001 3347 1111 3402 ‘linces’

102 3425 154 3474 195
179 3420 271 3474 ‘atris'
298 3438 317 3474 n
345 3436 482 3490 super-scr.
548 3424 599 3475 101
625 3418 805 3474 ‘GYSLENI’
873 3425 924 3474 199
948 3417 1112 3473 ‘adsistunt'

100 3495 155 3545 206
179 3489 337 3546 ‘clientum'
365 3506 501 3561 superior.
526 3491 558 3546 ‘a
582 3491 706 3546 suorum’
780 3495 833 3545 20⁷
858 3490 987 3560 ‘paenae’
1062 3493 1115 3547 208

101 3559 211 3616 ‘Extat’
268 3566 319 3615 213
340 3561 510 3630 ‘concoepit’
