2354 3946
241 796 269 860 Ι.
304 795 615 862 FRAGMENTUM
637 795 907 862 ANGELIOUM.

253 970 420 1014 molemus
436 970 577 1012 ΕΡΙΤΟΜΕ
594 972 731 1014 UIRGILII
747 949 896 1014 Munouls.

144 1083 297 1162 Latinus,
313 1105 333 1147 a
347 1104 409 1166 quo
424 1083 578 1148 latinitas.
606 1084 634 1147 is
651 1087 802 1147 centenos
818 1084 968 1148 habuisse
982 1083 1086 1149 fertur

58 1189 175 1232 annos.
213 1168 269 1232 hio
291 1168 343 1231 uir
364 1189 500 1252 magnus
522 1167 586 1232 fuit
608 1171 640 1232 et
662 1171 778 1316 potens
802 1168 877 1232 belli
892 1169 989 1252 regiis
1004 1172 1083 1233 tem·

58 1253 205 1338 poribus.
243 1251 415 1316 latinitatis
436 1274 557 1337 genera
571 1255 648 1316 sunt
694 1252 741 1335 ll,
766 1275 847 1336 quae
862 1253 913 1316 his
928 1257 1085 1318 uocantur

59 1337 258 1402 nominibus.
291 1338 396 1420 prima
411 1337 557 1402 latinitas
573 1337 707 1416 usitata,
730 1338 871 1401 secunda
891 1360 1002 1418 asena,
1019 1342 1084 1402 ter-

59 1423 105 1486 tia
133 1421 294 1504 semedia,
326 1425 442 1505 quarta
469 1422 632 1500 numeria,
661 1423 776 1504 quinta
804 1423 964 1503 metrofia,
994 1426 1085 1486 sexta
1109 1442 1122 1483 5

59 1506 244 1588 lumbrosa,
284 1507 423 1590 septima
459 1505 609 1589 sincella,
649 1510 764 1570 octaua
799 1506 957 1589 belsabia,
997 1529 1084 1571 nona

60 1591 208 1739 brpsina,
236 1591 360 1655 decima
380 1590 543 1675 militana,
572 1590 743 1655 undecima
765 1591 868 1674 spela,
898 1591 1085 1655 duodecima

82 1697 199 1740 oema.

60 1698 80 1760 p
147 1758 279 1824 Usitata
305 1765 355 1823 est
381 1760 530 1842 quoniam
558 1759 593 1823 in
616 1781 675 1823 usu
697 1759 862 1823 Romanae
885 1759 1083 1841 eloquentiae

60 1845 202 1909 habetur
223 1848 257 1908 et
279 1865 341 1927 qua
357 1845 533 1928 scripturae
548 1844 670 1908 latinae
684 1845 942 1907 atramentantur
958 1843 989 1906 ·i·
1006 1843 1121 1907 scri-10

63 1932 192 1994 buntur.
225 1950 322 1993 asena
343 1929 405 1994 hou
427 1932 477 1993 est
497 1928 639 2012 notaria,
663 1950 744 2011 quae
760 1931 886 1991 tantum
902 1928 1010 1991 littera
1024 1949 1083 2009 pro

60 2019 131 2079 toto
159 2034 240 2078 sono
268 2017 430 2079 contenta.
467 2013 607 2077 semedia
633 2013 695 2077 hoo
724 2015 773 2076 est
793 2033 853 2076 neo
875 2016 945 2076 tota
965 2012 1083 2076 usitata

60 2120 121 2164 nee
147 2101 219 2162 tota
246 2097 399 2162 inusitata
425 2100 462 2162 ut
483 2101 596 2162 monta
617 2098 709 2183 glosa
733 2098 763 2161 ·i·
787 2118 855 2161 non
878 2097 995 2180 saltus,
1023 2098 1082 2182 gil-

60 2183 149 2248 mola
170 2183 232 2247 hoo
255 2186 305 2246 est
371 2186 411 2249 la.
444 2183 606 2266 numeria,
630 2203 713 2266 quae
734 2183 883 2266 proprios
905 2183 1004 2246 habet
1025 2204 1083 2247 nu·

59 2288 166 2333 meros
188 2269 226 2331 ut
247 2268 316 2331 nim
326 2202 399 2332 liupo
422 2269 470 2332 est
492 2288 593 2350 unus,
623 2268 688 2331 dun
711 2265 789 2350 duo,
818 2271 869 2331 tor
890 2270 972 2347 tres,
1002 2287 1121 2351 quoru

59 2356 215 2438 quatuor,
240 2373 335 2435 quam
351 2353 506 2435 quinque,
530 2373 580 2415 ses
596 2372 667 2432 sex,
690 2373 748 2415 sen
762 2355 900 2435 septem,
918 2373 982 2415 onx
997 2354 1081 2433 octo,

59 2439 170 2503 udnim
185 2457 315 2519 nouem,
336 2437 389 2521 ple
404 2437 523 2518 decem,
566 2436 627 2499 uod
643 2436 763 2500 dietum
779 2436 817 2500 de
857 2435 1034 2501 lenitudine
1050 2440 1082 2500 et

59 2521 278 2605 sionimplexi
292 2542 393 2605 usque
407 2520 557 2606 plasinX
605 2524 638 2584 at
652 2521 759 2585 oresin
774 2519 836 2584 XX
868 2543 975 2605 ,quur
990 2520 1083 2585 salim

59 2607 116 2673 xt
144 2627 250 2690 usque
277 2607 392 2670 beetan
422 2605 462 2689 O,
490 2610 523 2669 et
543 2605 687 2689 plasinus
711 2605 830 2689 cophin
858 2606 946 2669 mille
975 2609 1007 2669 et
1034 2626 1081 2669 re-

59 2693 157 2777 liqua.
196 2691 344 2756 metrofia
369 2689 432 2755 hoc
460 2693 510 2754 est
536 2689 763 2754 intellectualis
785 2692 822 2753 ut
844 2689 1026 2755 dicantabat
1049 2690 1079 2751 ·i·
1094 2707 1120 2748 ao

61 2777 273 2862 principium,
302 2775 378 2840 sade
401 2777 434 2845 ·i·‚
455 2774 594 2858 iustitia,
622 2774 809 2860 gnoutilbea
830 2774 1002 2852 fortitudo,
1032 2776 1082 2836 ter

61 2863 197 2928 dualitas
213 2862 246 2925 ·i·
263 2862 391 2925 aoiuum
410 2859 591 2941 ueneratiO,
615 2859 694 2943 brop
715 2860 835 2942 pietas,
859 2860 909 2941 rip
924 2857 1079 2936 hilaritas,

61 2948 113 3033 gal
133 2968 289 3033 regnum,
320 2945 366 3009 fal
388 2944 519 3030 religio,
542 2943 611 3028 glip
632 2945 798 3027 nobilitas,
821 2963 905 3005 mors
928 2939 1078 3023 dignitas,

62 3033 149 3099 fante
174 3030 332 3120 coguatio
359 3029 395 3115 (f.
418 3028 501 3114 32‘),
531 3029 582 3092 ult
609 3028 727 3106 honor,
758 3027 851 3113 gebal
882 3023 1079 3107 obsequium,

124 3292 139 3340 a
159 3261 266 3343 octava
278 3286 320 3355 119
340 3281 411 3363 (mn
425 3288 457 3336 14
474 3253 550 3404 ,ptos
563 3282 573 3351 n
588 3287 618 3336 ιτ
629 3268 700 3345 'tue
710 3281 744 3346 (a)
758 3279 768 3346 u
783 3282 813 3331 18
821 3275 956 3346 nimplexi
968 3277 977 3344 ιι
991 3281 1022 3330 19
1032 3276 1079 3346 rin

67 3358 94 3407 24
108 3355 138 3410 in
152 3372 238 3428 marp,
257 3352 315 3420 ins.
335 3351 473 3441 lepitoru
497 3389 502 3404 .
