2354 3946
424 220 471 276 IX.
499 219 585 275 VITA
609 220 636 275 S.
656 220 810 277 alsuarti

114 384 251 449 Insudat
273 383 357 449 votis
381 382 531 448 Gislenus
555 385 685 468 praesul
709 384 865 449 honestis.

115 472 201 537 Exin
224 472 424 537 Francorum
447 473 598 556 princeps
622 478 821 538 memoratus
844 474 980 538 heroum

117 559 315 645 Contiguum
339 558 447 625 Cellae
470 561 586 625 callem
609 563 793 645 temptabat
816 563 907 626 inire.

42 666 96 716 488
116 649 185 714 Neo
208 671 312 715 mora:
337 648 490 714 Gislenus
514 649 638 714 cunctis
662 651 743 715 bene
767 651 903 715 caelitus
928 673 1004 716 usus

117 737 238 804 Obvius
263 737 414 804 ecclesiae
437 737 542 802 fertur
564 739 743 804 comitante
767 739 881 804 decore

116 825 197 892 Cum
222 849 323 910 cruce,
346 826 446 892 turali
469 826 594 891 fumato
617 831 748 892 nectare
772 833 805 892 et
826 827 897 913 igni

115 916 276 981 Eructans
298 916 434 980 verbum
456 914 592 980 Davidis
616 916 817 1000 sophismate
841 921 1020 1000 comptum:

117 1004 252 1089 ‘Regem
275 1004 433 1088 salvifica,
457 1024 575 1088 regnas
600 1005 654 1088 qui
678 1005 766 1069 solus
790 1007 825 1069 in
849 1005 976 1088 aethra3

43 1092 244 1157 4701ntreut
267 1093 334 1156 alta
356 1094 437 1175 poli,
460 1092 582 1177 rogitet
605 1114 687 1177 quae
710 1099 818 1159 mente
841 1093 949 1158 fideli?

117 1180 177 1246 Oui
201 1181 248 1245 sic
270 1181 410 1244 intendit
433 1203 490 1244 rex
513 1184 612 1265 atque
635 1181 682 1246 ita
704 1183 805 1248 verba
827 1182 988 1267 rependit:

117 1268 267 1354 ‘Christe
291 1269 464 1335 sacerdotii
485 1269 573 1335 iusto
597 1271 782 1336 titulamine
805 1272 909 1336 functi

117 1356 243 1423 Gaudia
266 1358 366 1443 digua
389 1359 438 1422 tui
460 1362 593 1423 teneant
616 1359 650 1422 in
674 1360 803 1425 saecula
827 1359 952 1424 sancti?

117 1447 206 1511 Haec
230 1446 306 1510 dum
330 1469 407 1511 voce
432 1451 540 1530 sonat,
563 1447 653 1530 pacis
677 1470 753 1512 mox
777 1449 888 1512 oscula
910 1449 1007 1532 libat3

44 1550 98 1600 478
117 1534 269 1600 Postulat
292 1538 390 1619 atque
413 1540 522 1621 rogat,
546 1534 609 1599 sibi
633 1557 696 1618 quo
720 1557 780 1618 pro
805 1537 950 1600 criminis
973 1559 1056 1601 urna

115 1623 244 1688 Flectat
268 1645 436 1689 censorem
458 1624 603 1688 trutinae
627 1625 687 1688 sub
712 1625 780 1688 sole
803 1627 986 1708 potentem,

116 1711 218 1776 Totus
240 1711 276 1776 in
298 1713 437 1777 invisam
459 1734 501 1776 ne
526 1712 697 1776 desudaret
721 1713 885 1796 abyssum.

116 1799 216 1865 Dives
241 1799 365 1866 Gisleni
389 1801 445 1865 sed
468 1804 545 1865 tunc
568 1799 777 1885 Dagobertus
801 1800 921 1865 amoris

116 1888 274 1954 Adfectus
298 1891 414 1954 satiem
439 1911 508 1954 sese
531 1889 709 1953 transfudit
731 1891 766 1953 in
789 1911 931 1973 omnem,
1146 1910 1162 1948 r.

44 1993 98 2042 488
118 1976 188 2053 Quo
212 1978 389 2063 possessivi
413 1978 571 2062 quaedam
595 1978 729 2042 donaria
751 1977 844 2042 fundi
1143 1990 1155 2020 ⁰

117 2066 268 2132 Pontifici
291 2072 404 2132 sancto
427 2066 529 2131 ferret
553 2067 591 2130 de
614 2066 684 2130 iure
707 2070 857 2150 paterno:

117 2153 249 2220 Scilicet
273 2155 460 2220 Horuutum
483 2155 553 2220 fisci
576 2157 695 2241 regalis
720 2155 866 2239 opimum

116 2242 390 2328 Ursdongumque
414 2244 526 2328 simul,
550 2244 653 2329 cingit
677 2243 937 2329 quamplurima
961 2243 1075 2308 saltus.

117 2331 180 2397 His
203 2334 251 2396 ita
274 2332 455 2415 magnificis
479 2332 584 2417 regali
607 2333 679 2418 lege
701 2333 844 2417 peractis

44 2435 99 2486 488
119 2420 245 2485 Archos
268 2419 468 2485 Francorum
491 2443 558 2486 non
581 2421 689 2486 differt
711 2423 817 2486 visere
840 2425 1014 2506 sceptrum.

118 2510 164 2573 At
187 2531 278 2574 sacer
301 2509 449 2593 antistes,
472 2510 598 2574 clarent
622 2511 673 2575 cui
696 2511 802 2574 laudis
825 2509 976 2592 honores,

118 2595 298 2662 Commoda
322 2597 469 2681 sortitus,
492 2597 644 2682 princeps
669 2620 750 2681 quae
773 2597 890 2662 fixerat
912 2599 1008 2682 altus,

120 2685 208 2760 Quae
231 2690 406 2771 praecepta
430 2686 519 2751 dedit
541 2686 654 2768 deitas,
678 2686 843 2750 ardentius
867 2686 992 2769 hausit,

118 2771 283 2839 Iustorum
308 2775 408 2838 sacris
430 2777 580 2858 praestat
604 2796 686 2857 quae
709 2796 866 2858 prospera
889 2775 985 2839 votis.

189 2953 242 3002 462
263 2947 481 3003 ‘GYSLENUS'
508 2947 625 3029 ‘presul'
652 2947 780 3003 ‘onestia’
806 2965 869 3003 eum
897 2950 965 3002 uota
992 2947 1089 3002 omissi
1111 2951 1131 3003 h

117 3023 170 3073 468
192 3019 313 3073 ‘eroum'
338 3019 406 3073 nota
433 3019 529 3074 omissi
555 3019 575 3072 h
603 3017 727 3084 adiecta,
756 3035 811 3073 sec.
836 3037 872 3074 m.
897 3034 1031 3088 superscr.
1053 3018 1131 3074 ‘bilis

117 3089 229 3143 horum’
296 3095 350 3145 464
369 3089 554 3158 ‘contigium’
579 3090 699 3144 alterum
722 3090 733 3143 i
756 3091 786 3144 in
809 3107 827 3143 u
851 3093 1006 3144 correctum
1077 3096 1131 3145 466

119 3158 333 3214 ‘dustanus
398 3166 451 3216 488
475 3160 652 3216 ‘aecclesiae’
680 3161 803 3216 ‘decore'
828 3177 843 3214 e
870 3177 1005 3228 superior.
1077 3167 1132 3215 470

120 3231 207 3300 ‘repet
224 3231 260 3286 et’
283 3232 308 3284 ‘t
326 3231 366 3285 et’
385 3231 416 3285 in
439 3248 536 3286 rasura
598 3238 651 3287 477
672 3232 818 3286 ‘abissum’
875 3236 927 3285 478
948 3230 1129 3285 ‘GYSLENI’

118 3307 172 3357 478
194 3301 342 3356 ‘Affectus'
401 3308 454 3357 480
475 3301 647 3372 ‘possessiui’
669 3302 739 3358 sessi
757 3304 787 3357 in
805 3317 903 3356 rasura
922 3301 973 3355 ‘ui'
995 3318 1131 3371 superscr.

17 3429 23 3438 ,
120 3371 259 3426 ‘denaria’
281 3390 296 3426 e
315 3370 345 3426 in
364 3388 381 3425 o
400 3377 556 3428 correctum
627 3379 680 3428 488
699 3371 730 3426 in
752 3373 880 3442 margine
900 3372 1044 3453 ‘Sincopa’
1067 3373 1131 3428 ‘Urs

118 3442 252 3510 dumque’
267 3444 323 3496 don
338 3460 482 3512 superior,
497 3444 516 3498 d
530 3444 592 3513 ing
607 3445 785 3498 emendatum
800 3444 936 3514 ‘clepunt’
954 3444 1132 3498 scribendum

118 3512 241 3581 videtur,
255 3513 310 3567 nisi
324 3513 397 3569 forte
414 3513 558 3584 ‘plurima’
575 3514 776 3570 adverbialiter
790 3514 896 3569 dictum
911 3520 956 3568 est
1001 3520 1053 3570 486
1065 3514 1129 3571 ‘Ac’

117 3601 134 3639 c
148 3584 179 3638 in
192 3589 206 3639 t
218 3585 358 3640 mutatum
403 3591 456 3640 489
469 3585 597 3655 ‘prestat’
614 3586 710 3642 ‘uotis'
722 3604 740 3639 u
754 3603 900 3656 supersca,
911 3602 927 3642 o
940 3602 974 3640 ex
985 3603 1004 3639 u
1016 3587 1125 3643 correct·
