2354 3946
114 217 155 282 88
347 213 501 268 VIRGILII
517 212 686 268 MARONIS
703 211 898 268 ΕΡΙΤΟΜΑΕ.
921 253 924 257 -

115 367 187 432 cula
196 366 392 450 relinquens,
404 368 438 430 in
450 367 567 451 quibus
580 365 795 449 problesmata
808 366 1010 449 proponebat
1023 367 1136 432 dicens

114 473 196 534 qaue
217 455 259 517 sit
279 453 393 517 mulier
413 452 484 534 illu,
514 472 532 516 o
553 452 616 534 fili,
644 470 726 532 quoe
752 451 851 516 ubero
872 470 935 516 scu
955 453 1138 517 innumeris

114 538 192 620 filiis
215 539 371 619 portayit,
399 556 482 618 quae
504 540 660 618 quautam
680 555 764 601 suaa
781 534 920 617 faedat,
950 540 1077 601 tautum
1098 540 1136 601 iu

115 643 153 687 eu
181 621 365 687 inuadunt?
402 623 463 685 hoc
491 624 541 685 est
567 620 735 703 sapientia.
783 620 860 702 quid
888 621 1024 684 interest
1050 622 1136 686 inter

90 706 251 771 sucrbum
279 708 311 769 et
336 727 516 770 sermonem
544 711 577 769 et
598 705 792 768 sententiam
815 707 848 768 et
875 703 1036 788 loquelam
1065 727 1136 770 ora·

115 790 323 874 tionemque?
354 792 486 856 cubum
514 794 563 855 θεὴ
589 811 684 853 omne
712 788 798 873 quod
826 789 939 874 lingua
971 790 1138 873 profertur

116 879 150 941 et
177 896 267 940 uoce.
304 895 404 941 sumo
432 879 540 940 autem
563 875 654 939 cuius
678 895 795 938 nomen
817 893 856 936 ex
878 873 1003 938 duobus
1026 876 1137 940 uerbis

117 961 330 1044 compositum
353 962 417 1042 est,
439 958 502 1023 hoc
518 963 567 1023 θεὴ
581 958 715 1023 serendo
731 961 764 1022 et
778 959 947 1022 monendo.
981 962 1139 1025 scatentia

116 1065 192 1108 uero
214 1065 294 1127 quae
316 1065 412 1107 sensu
427 1044 616 1126 concipitur.
650 1064 745 1126 porro
761 1043 897 1125 loquele,
920 1043 1048 1126 quando
1063 1065 1137 1109 oum

77 1127 253 1212 ioquadam
286 1127 467 1210 eloquentia
499 1126 651 1191 dictionis
679 1128 758 1192 ordo
786 1129 976 1210 protexitur.
1021 1131 1135 1210 oratio,

116 1212 243 1296 quando
271 1232 373 1295 usque
401 1211 440 1275 ad
467 1233 621 1275 manuum
648 1215 750 1276 artem
778 1212 999 1276 discribendus
1029 1219 1139 1277 oratus

137 1296 204 1360 rius
227 1317 331 1359 sermo
346 1297 523 1378 perueniat.
557 1297 622 1360 fuit
636 1296 748 1361 itidem
764 1295 846 1380 apud
863 1295 991 1361 Troiam
1007 1297 1138 1380 quidam

115 1320 322 1464 birgilius
345 1380 485 1445 eiusdem
500 1380 623 1444 Donati
643 1382 783 1459 auditor,
827 1382 860 1444 ui
875 1382 910 1444 in
926 1381 1140 1447 discribentis

116 1466 261 1530 uersibus
289 1465 555 1550 diligentissimus
581 1469 665 1546 erat,
702 1466 758 1549 qui
784 1465 811 1528 L
901 1465 1071 1531 uolumina
1099 1468 1139 1531 de

78 1575 104 1614 ιε
116 1551 241 1615 ratione
275 1552 369 1614 metri
404 1550 547 1615 scribens
576 1553 609 1615 et
642 1549 810 1633 epistolam
843 1550 883 1614 ad
916 1549 1137 1636 Virgilium

117 1635 473 1784 Αεεὶθηέἓοωίεεεω
488 1635 526 1698 de
542 1634 634 1699 uerbi
649 1634 888 1718 explanatione.
916 1635 1031 1700 tertius
1047 1635 1138 1700 Vir·

145 1720 242 1784 ilius
357 1769 364 1785 .

116 1743 138 1805 g
202 1805 286 1871 Nam
304 1804 506 1890 Virgilius
528 1803 722 1868 Accianus
745 1801 902 1886 praedicti
924 1801 1140 1888 discensfuit,

118 1891 168 1953 uir
190 1890 372 1954 ammodum
389 1889 637 1954 ministratorius
659 1889 779 1952 sanetis
801 1887 880 1951 uiris
902 1892 939 1951 ut
960 1909 1137 1972 numquam

81 1999 108 2039 ao
119 1974 154 2037 in
178 1976 252 2039 sede
275 1996 346 2038 eum
369 1976 516 2039 uocantis
538 1995 643 2039 sermo
665 1973 836 2036 inueniret.
873 1970 960 2036 hunc
975 1973 1043 2037 uidi
1060 1975 1138 2037 meis

118 2059 232 2142 oculis,
263 2063 296 2123 et
322 2060 456 2142 puerulo
483 2058 563 2121 mihi
590 2062 684 2122 notas
714 2057 884 2122 oaraxauit.
927 2057 981 2121 hic
1010 2058 1140 2122 scribsit

118 2143 236 2207 librum
258 2143 399 2205 nobilem
421 2143 460 2206 de
483 2142 650 2206 duodecim
666 2141 899 2221 latinitatibus,
922 2162 1001 2224 quas
1015 2141 1068 2206 his
1082 2163 1140 2207 no·

116 2225 258 2289 minibus
278 2227 414 2293 uocauit.
444 2227 556 2309 primu
577 2225 689 2308 inquid
710 2231 754 2290 est
772 2228 908 2308 θεὴὴαὴα,
930 2247 1013 2307 quae
1028 2229 1066 2293 ia
1079 2248 1140 2292 usu

186 2450 224 2521 4.ι
239 2443 355 2522 11111911..
370 2443 469 2522 'Meet
493 2445 539 2512 (cf.
562 2445 655 2524 app.):
691 2443 765 2509 Quid
790 2444 911 2524 interest
938 2475 971 2484 -
998 2450 1140 2499 monendo

119 2514 259 2589 comptror
277 2527 309 2590 ac
327 2511 492 2590 diligenter
509 2512 652 2594 sententia
669 2527 737 2567 vero
756 2542 789 2550 —
808 2513 898 2565 oratm
918 2513 960 2566 est
998 2513 1094 2593 nando
1106 2542 1138 2551 —-

119 2578 303 2714 q-epcAnlqpnqp
317 2580 533 2715 qpqtmp‘pppeq-
552 2581 674 2650 pvemat.
778 2585 819 2673 23.
840 2578 956 2648 Fruqm.
1002 2581 1141 2650 cyclicum

187 2839 203 2888 3
225 2831 280 2884 filis
302 2831 336 2885 N
350 2834 393 2901 114
414 2833 532 2888 interest
553 2849 604 2888 om.
622 2833 674 2900 Nl
697 2832 913 2903 tsententiam]
937 2834 1087 2890 scientiam
1109 2834 1143 2888 N

119 2915 187 2956 corr.
207 2900 271 2953 Mai
283 2899 322 2968 119
339 2900 420 2970 uero]
441 2905 477 2954 uo
490 2902 500 2970 11
512 2901 636 2970 lequella
695 2902 750 2970 1110
769 2900 926 2971 ᾳιιεὲάειη
943 2901 978 2954 N
987 2903 998 2970 l
1013 2909 1042 2956 11
1062 2919 1138 2956 man-

119 3020 187 3056 num
208 3002 246 3082 rc
260 3002 269 3070 1
287 3002 347 3056 arte
373 3001 407 3056 Ν
426 3001 436 3069 1
454 2981 584 3071 orutffms
605 3001 640 3056 ru
659 3003 669 3070 1
689 3009 719 3057 ιε
742 3003 855 3057 euersor
878 3005 906 3072 (ο
925 3018 959 3056 ee
977 3009 1006 3068 u)
1031 3003 1139 3071 Ν1ιε

120 3085 248 3191 assiae}
264 3120 317 3189 uu
331 3120 532 3190 explanacione
549 3120 602 3189 Ν1
614 3121 716 3175 tessus
735 3122 768 3193 (a
780 3138 814 3178 eu
826 3123 908 3190 uir.)
925 3121 978 3190 Nl
993 3125 1024 3174 re
1042 3119 1139 3192 appe-

120 3238 190 3276 anus
208 3222 242 3276 u
256 3223 265 3290 1
279 3201 375 3276 utens
392 3222 444 3290 Ν1
458 3228 490 3299 ru
507 3221 726 3276 mutuatarius
744 3225 775 3293 (0
793 3240 826 3279 ea
844 3225 873 3288 u>
891 3223 925 3276 rr
939 3223 949 3291 1
962 3222 1031 3277 aus
1048 3223 1093 3276 vir
1109 3220 1144 3276 Ν

120 3354 189 3394 corr.
206 3339 309 3394 naeu
321 3341 330 3409 1
343 3345 376 3395 20
393 3301 853 3411 invitationemque
864 3339 893 3402 u>
906 3339 960 3408 Nn
972 3339 1144 3411 notasque

122 3440 135 3518 1
147 3419 349 3520 atramenti
362 3447 396 3494 22
408 3441 578 3512 napserim
591 3444 619 3512 (0
633 3458 666 3498 a
678 3444 762 3504 corr.)
774 3438 824 3503 Nl
838 3422 881 3516 pii
893 3437 946 3505 Nl
959 3446 993 3494 se
1014 3441 1140 3510 vocavit]

118 3522 153 3560 aa
169 3509 344 3574 sequentibus
360 3509 448 3563 uerbis
462 3511 637 3576 perobscuris
653 3509 726 3562 nibal
742 3510 856 3560 mutuua
