2354 3946
112 177 156 240 60
344 174 498 230 vfflemn
517 173 683 230 MARONIS
700 172 899 236 EPITOMAE.

114 348 174 392 nec
197 328 330 393 omnino
354 331 499 411 correpta
520 330 558 392 ut
579 328 713 410 saepto
729 328 800 410 pis,
824 330 945 411 aspicie
966 332 1022 394 ets.
1056 351 1126 396 uam

114 413 148 477 in
170 412 344 496 praeterito
367 412 490 496 syllaba
511 433 577 477 non
593 411 728 492 additur,
751 411 806 475 sed
825 412 933 477 media
952 413 1046 479 litera
1064 435 1126 480 me-

112 501 201 562 tatur
233 502 271 562 ut
296 499 417 579 saepi
443 501 475 562 et
501 517 653 581 praesens
682 499 808 579 tempus
835 497 1021 581 imperatiui
1045 497 1124 564 modi

114 603 181 646 non
203 583 238 646 in
259 582 273 645 i
293 581 491 665 productam,
516 581 571 646 sed
592 581 627 646 in
649 603 665 646 e
684 583 864 664 correptam
885 582 988 647 mittit
1009 587 1046 648 ut
1063 603 1123 650 sue

88 669 180 749 aeipe
200 667 313 749 aspice.
358 666 404 731 sie
426 689 484 751 per
505 665 624 745 emnia,
646 665 731 729 unde
749 668 781 730 et
795 666 875 730 haec
890 667 990 731 uerba
1004 669 1123 734 fassacia

114 750 274 815 dicuntur.
326 755 404 816 sunt
437 752 534 817 uerba
566 751 688 834 primae
718 749 970 836 coniugationis,
1004 773 1121 838 quaen

114 834 238 900 duabus
274 836 438 900 uocalibus
469 837 506 899 in
538 835 628 899 omni
661 833 878 900 declinatione
907 835 1064 902 finiuntur
1091 839 1121 901 nt

114 920 218 986 bosam
250 921 387 1001 msam,
418 922 504 986 lanio
531 920 670 1002 tapedia
702 919 795 985 radio
830 922 863 984 et
891 923 1008 986 cetera.
1056 924 1121 986 sunl

114 1004 230 1087 uerba,
258 1025 339 1087 quae
367 1005 481 1069 tertiae
510 1004 747 1089 coniugationis
774 1003 953 1088 productae
979 1027 1000 1070 a
1020 1006 1118 1071 mult's

76 1110 100 1149 10
115 1107 184 1151 esse
216 1087 365 1152 &cuntur
396 1091 434 1152 ut
461 1109 495 1154 eo
523 1092 556 1153 et
583 1109 664 1172 quae
691 1087 740 1151 illi
767 1093 996 1173 conponuntur
1022 1092 1054 1155 id
1081 1094 1119 1155 est

109 1176 272 1256 praetereo
333 1193 405 1238 aceo
427 1174 556 1238 introeo.
598 1172 655 1237 sed
677 1172 753 1256 quia
773 1172 854 1238 haee
875 1175 977 1240 uerba
997 1196 1117 1253 nuncu

113 1275 199 1319 nunc
220 1257 234 1319 i
255 1277 275 1320 a
296 1260 436 1335 sumunt,
459 1278 556 1340 quam
578 1257 619 1321 ob
641 1277 771 1322 causam
785 1279 805 1322 a
818 1258 981 1342 plerisque
996 1260 1118 1325 maxime

112 1339 153 1403 ab
175 1341 263 1404 omni
285 1340 374 1406 scola
389 1341 609 1426 Galbungi‚
632 1363 728 1425 quam
750 1345 783 1406 et
846 1343 979 1428 cadiui,
1001 1349 1118 1429 quartae

113 1424 350 1509 coniugationis
378 1425 448 1490 fieri
475 1424 596 1492 eredita
622 1431 706 1491 sunt.
757 1363 845 1510 quil
870 1448 943 1492 cum
974 1431 1118 1494 Aeneae

76 1529 100 1569 15
112 1509 239 1573 rediens
267 1510 352 1574 inter
380 1513 485 1575 cetera
505 1511 682 1591 relicuum,
710 1531 778 1574 non
799 1511 967 1592 refutauit,
996 1513 1050 1578 sed
1068 1515 1119 1578 hoo

111 1596 238 1659 tantum
261 1592 356 1674 dixit,
387 1595 471 1680 quod
498 1594 561 1661 dno
582 1595 692 1660 futura
713 1599 859 1681 tempera
880 1597 1004 1663 habeat
1024 1603 1060 1664 ut
1078 1599 1120 1664 sto

112 1682 146 1744 et
167 1699 237 1746 eum
258 1683 292 1744 et
313 1683 427 1749 cetera

198 1764 358 1831 Numeres
384 1764 556 1830 uerborum
583 1763 643 1829 duo
671 1785 740 1828 esse
762 1763 831 1828 sine
854 1765 1046 1833 circuitione
1065 1768 1122 1832 ulla

114 1849 288 1916 difinimus.
332 1856 408 1917 sunt
435 1855 544 1916 tamen
566 1849 593 1914 L
615 1849 725 1932 uerba,
748 1870 830 1932 quae
852 1850 1051 1936 singularem
1071 1875 1121 1917 nua

75 1954 101 1992 20
114 1955 236 1999 merum
258 1957 324 2001 non
340 1937 463 2001 habent
477 1940 514 2000 ut
527 1936 717 2017 condomam
739 1936 861 1998 suntet
877 1956 959 2019 quae
974 1937 1125 2021 pluralem

114 2039 282 2083 numerum
311 2022 443 2084 omnino
470 2041 536 2084 uon
563 2020 723 2103 recipiunt
738 2019 885 2102 propellite
907 2025 968 2104 tas,
992 2024 1127 2087 undeet

114 2101 241 2165 Varro
269 2124 335 2167 non
363 2124 459 2167 ausus
487 2106 535 2167 est
563 2104 667 2167 dicere
695 2104 735 2167 de
756 2102 909 2168 Romanis
932 2107 1012 2186 qaia
1030 2106 1127 2190 pupil-

113 2185 290 2268 litaoeriut,
313 2187 367 2249 sed
391 2186 625 2269 disciplinatius
647 2187 763 2251 uitium
785 2188 890 2253 uitans
911 2188 1040 2255 dicebat
1054 2193 1128 2274 quio

106 2268 307 2349 pupillitoeit
326 2272 541 2352 unusquisque
557 2291 620 2352 pre
641 2273 709 2337 sols
730 2273 863 2338 nimbus.

74 2373 99 2413 ra
196 2350 246 2416 De
278 2353 382 2438 figura
414 2354 568 2418 dicamus.
618 2356 654 2419 in
686 2356 776 2420 euius
809 2358 1005 2423 mactatione
1037 2360 1129 2444 paulo

114 2436 243 2520 longius
264 2439 419 2502 inmorari
440 2438 603 2524 legentum
626 2460 677 2504 me
699 2439 822 2504 utilitas
844 2443 1010 2526 conpellit.
1053 2466 1129 2509 narn

112 2521 215 2603 figura
237 2522 373 2605 simplex
388 2523 563 2608 simplicius
578 2525 677 2589 etiam
692 2523 836 2589 habetur.
868 2528 1008 2611 acceptis
1024 2533 1128 2596 autem

178 2729 194 2777 3
217 2724 340 2793 suscepi]
360 2724 463 2794 suscipi
479 2727 508 2780 P
523 2728 533 2796 11
549 2741 678 2794 pressans
695 2728 723 2781 P
739 2727 749 2794 11
766 2733 782 2779 4
800 2728 825 2796 e]
840 2733 854 2793 ῥ
869 2729 897 2782 P
912 2730 923 2798 11
939 2734 955 2784 8
974 2730 1057 2785 basso
1073 2731 1103 2785 P
1114 2730 1128 2801 11

111 2793 233 2894 tepido
255 2824 284 2879 Ρ
300 2827 310 2894 1
329 2793 438 2881 roffae
453 2829 482 2882 P
496 2828 557 2948 pn
577 2828 610 2895 pe
628 2827 677 2906 P]
692 2834 723 2882 12
741 2807 834 2908 elsae
858 2831 897 2897 (a,
920 2845 954 2885 ee
971 2833 1000 2898 u)
1023 2832 1052 2887 P
1070 2833 1080 2900 1
1098 2837 1129 2887 n

112 2893 206 2948 advidi
223 2894 252 2947 P
268 2895 279 2962 ]
297 2900 330 2947 14
350 2895 479 2949 redicens
540 2896 600 2963 1116
619 2894 702 2966 dixit]
725 2898 782 2952 iam
806 2897 864 2950 dixi
887 2898 970 2952 coniu
991 2900 1050 2953 atie
1074 2899 1129 2954 dne

124 2965 237 3029 ocorr.)
255 2961 350 3016 futura
367 2962 440 3016 tem*
470 2962 581 3040 ‘habeat
597 2963 631 3040 ut
647 2962 694 3016 ibo
714 2967 743 3018 et
762 2982 825 3020 eam
843 2965 898 3033 N]
918 2915 996 3019 leil>
1034 2969 1063 3022 P
1098 2972 1129 3022 18

136 3030 235 3109 xplicit
253 3029 289 3084 de
307 3029 424 3084 ceniune
455 3030 532 3083 tione
549 3030 650 3099 rumpit
667 3031 703 3086 de
720 3033 844 3089 numeris
859 3032 961 3102 ΡΙΙδΕ
973 2983 1078 3088 Nllllll
1105 3033 1128 3088 0

111 3099 156 3163 N,
177 3115 207 3151 1n
229 3098 304 3153 VllI.
326 3098 415 3152 clamo
437 3102 484 3155 etc.
499 3097 599 3167 frapm.
618 3098 708 3154 Meet.
726 3101 762 3168 cf.
779 3119 843 3171 epp.
861 3103 871 3171 11
886 3116 1021 3155 numerus
1043 3101 1105 3157 ΡΝ

112 3166 178 3218 sunt
200 3166 256 3219 due
277 3184 299 3222 s.
317 3183 340 3221 e.
357 3166 391 3221 N
403 3166 413 3235 11
433 3170 463 3220 19
487 3163 640 3236 difluimus]
665 3182 717 3223 om.
735 3171 769 3225 N
782 3173 793 3240 11
809 3172 875 3224 sunt
896 3168 986 3255 verba
1007 3185 1082 3237 quae

111 3265 174 3384 1120
191 3245 347 3330 νέεἱῒαωιιε
358 3266 411 3352 N]
419 3272 482 3336 post
503 3266 642 3346 pluralem
664 3286 720 3324 ras.
737 3274 807 3347 5.‘⁶
828 3270 882 3322 litt.
900 3271 934 3322 in
950 3270 985 3324 N
997 3272 1007 3340 ΙΙ
1024 3276 1058 3326 23
1080 3271 1129 3325 sed

130 3332 225 3386 ruebat
245 3332 280 3386 N
292 3335 302 3401 11
320 3340 353 3388 24
374 3353 406 3388 us
427 3352 498 3388 unus
521 3350 591 3401 quic
612 3335 641 3388 P
657 3338 667 3405 11
685 3342 717 3391 25
740 3337 878 3389 diseamus
896 3336 925 3388 P
942 3338 952 3403 ]
969 3343 1072 3392 25-27
1089 3336 1130 3396 &E

110 3396 253 3519 QUI&
260 3402 288 3455 P
300 3402 310 3469 11
322 3406 356 3454 26
373 3401 525 3470 legendum
543 3403 571 3456 P
583 3405 593 3471 ]
605 3419 670 3457 nam
682 3405 701 3456 f.
713 3418 763 3461 om,
775 3401 808 3455 N
817 3403 827 3468 11
840 3407 872 3454 27
885 3402 1005 3470 simplex
1018 3405 1130 3475 sempli-
