2354 3946
77 171 141 236 122
356 170 416 228 Vll.
444 170 570 228 PASSIO
589 171 617 227 S.
635 170 810 229 annuunt

76 333 176 402 Cuius
200 357 310 401 amore
334 336 389 400 diu
413 356 485 400 mea
508 356 600 398 mens
624 334 761 399 ardebat
784 337 818 399 et
840 333 917 399 inde

77 423 272 490 Sollicitudo
297 424 377 489 mihi
401 424 568 489 crescebat
589 423 732 507 pectoris
755 427 864 506 antr03

76 512 171 578 Nunc
194 514 285 579 fruar
308 516 423 597 optato
448 513 578 577 domino
601 513 778 576 miserante
801 515 940 595 tropaeo

76 601 188 688 Deque
212 624 311 667 manu
335 601 459 666 domini
481 601 609 684 capiam
632 601 781 665 diadema
802 601 976 684 triumphi.

6 708 58 757 919
78 689 287 774 Propositum
310 712 387 756 vero
410 695 442 754 te
466 710 658 754 conservare
680 689 845 772 cohortor,

77 778 125 845 Ut
148 779 321 844 salvatoris
346 778 456 843 valeas
480 777 685 862 amplexibus
708 777 758 843 uti

76 868 246 953 Virgoque
270 867 424 953 virgineis
447 866 580 932 laeteris
603 867 715 931 iuncta
738 865 887 930 catervis.

78 956 196 1023 Cetera
219 957 307 1040 quod
329 955 468 1040 quaeris,
491 954 630 1020 Turonis
655 954 804 1038 portabis
827 954 863 1017 in
887 955 1005 1022 urbem

78 1043 176 1110 Some
199 1066 319 1109 meum:
333 1044 440 1108 -sedes
465 1043 546 1107 mihi
569 1043 613 1107 sit
636 1045 727 1108 locus
749 1043 809 1107 illa
832 1044 999 1128 sepulcri?

5 1151 57 1200 978
78 1131 265 1214 Comperto,
289 1131 375 1217 quod
397 1153 449 1195 res
473 1133 522 1195 ita
545 1133 602 1213 sit,
626 1133 853 1217 glomerantur
875 1133 912 1196 in
935 1155 1038 1199 unum

76 1219 252 1285 Pontifices
275 1221 369 1302 regni
392 1220 430 1284 de
456 1221 541 1284 vitae
564 1220 671 1285 limite
693 1220 806 1285 fratris

77 1307 210 1373 Discere
234 1311 417 1374 scrutantes
442 1309 660 1394 gravibusque
684 1309 852 1374 doloribus
875 1309 947 1375 eius

78 1395 136 1462 Sat
158 1397 211 1481 pie
234 1398 406 1481 compassi.
448 1397 536 1474 Quos
559 1398 645 1462 inter
668 1402 756 1463 stare
779 1398 913 1462 beatum

77 1486 265 1571 Remigium
289 1487 390 1569 videt,
414 1487 454 1551 ad
478 1509 574 1571 quem
598 1487 644 1552 sic
667 1486 810 1551 clamore
832 1486 985 1554 modesto

6 1594 58 1644 989
79 1574 118 1640 ‘O
141 1576 321 1641 venerande
344 1575 459 1661 pater,'
484 1575 579 1660 dixit,
602 1574 646 1639 ‘te
670 1575 769 1641 dente
792 1575 911 1641 salutis

79 1663 289 1730 Sacramenta
312 1665 409 1730 modo
433 1666 560 1749 capiam
583 1664 727 1728 securior
749 1663 889 1749 hincque

76 1753 238 1839 Egrediar
260 1755 406 1819 facturus
429 1754 493 1818 iter
515 1757 687 1837 tecumque
709 1752 871 1838 iugabor.'

77 1842 169 1928 Ergo
193 1843 346 1908 salutatis
369 1842 596 1926 praesentibus
620 1840 686 1906 exit
709 1841 751 1905 ab
775 1840 872 1905 buius

77 1931 254 1997 Aerumnis
277 1932 364 1998 vitae
387 1931 495 1996 felicia
516 1951 617 2016 regna
639 1930 811 1994 habiturus

7 2036 59 2087 988
78 2019 268 2104 Perpetuae,
291 2021 396 2087 sancti
420 2043 484 2104 qua
506 2020 636 2105 fulgent
659 2019 738 2083 solis
763 2018 803 2082 ad
827 2018 943 2104 instar,
1116 2046 1130 2085 r.

80 2109 202 2186 Quinta
225 2109 293 2173 dies
318 2109 393 2173 dum
417 2108 507 2172 ducit
530 2130 630 2192 equos
656 2089 788 2171 Sextilis
812 2107 949 2173 anhelos

78 2198 161 2263 Post
184 2197 341 2261 decimam
366 2197 508 2260 flammis
533 2197 639 2260 insani
663 2217 798 2260 accensa
820 2195 932 2260 leonis.

80 2282 220 2368 Spiritus
243 2283 278 2346 in
302 2282 409 2366 speeie
432 2284 523 2346 cuius
546 2284 680 2366 petiisse
704 2284 872 2348 columbae

78 2370 207 2436 Dicitur
231 2371 400 2435 astriferos
424 2392 573 2457 egressus
597 2371 639 2435 ab
663 2393 718 2436 ore
743 2377 869 2438 meatus

9 2479 60 2530 999
80 2458 285 2546 Significans,
308 2463 449 2544 quantae
472 2459 571 2523 fuerit
594 2460 644 2524 vir
667 2460 899 2544 simplicitatis.

78 2548 163 2614 Ecce
186 2550 358 2614 beatorum
381 2572 515 2615 consors
539 2553 572 2614 et
595 2550 675 2616 civis
699 2550 838 2614 babetur

81 2637 274 2722 Spiritum,
300 2660 438 2722 quorum
461 2639 581 2725 iugiter
603 2639 751 2704 felicibus
774 2644 869 2704 utens

79 2726 213 2792 Divitiis
237 2728 370 2811 gaudet,
395 2751 531 2812 quarum
554 2750 621 2794 non
644 2729 782 2814 contigit
803 2728 891 2793 ullus

80 2815 180 2880 Visus
204 2815 309 2881 adhuc
333 2819 509 2901 specimen,
533 2819 674 2883 carnalis
697 2840 757 2883 1199
779 2817 884 2882 trahit
907 2818 1006 2905 auris,

7 2920 60 2970 998
79 2903 269 2970 Η1111191111111
291 2926 396 2988 neque
420 2929 476 2972 cor
499 2927 597 2970 sensu
619 2908 849 2990 comprendere
873 2906 993 2993 quivit,

81 2991 161 3068 Quis
185 2993 263 3058 deus
286 2993 372 3058 hunc
396 2994 508 3078 donat,
532 2995 587 3079 qui
609 3015 690 3076 pure
714 2994 824 3080 diligit
846 2995 951 3059 illum.

80 3079 171 3147 Haec
194 3082 325 3147 domino
348 3083 513 3148 tribuente
536 3082 598 3146 tibi
621 3103 679 3165 per
702 3083 831 3146 saecula
855 3085 968 3148 vivens

78 3167 144 3236 Pro
167 3172 271 3236 tantis
295 3194 422 3256 semper
445 3169 601 3257 gaudebis
625 3190 726 3253 agens
750 3171 929 3237 benefactis

151 3402 203 3453 988
219 3397 341 3467 ‘tropeo’
390 3404 441 3453 978
459 3396 577 3452 lleteris'
625 3402 677 3451 973
694 3396 810 3466 ‘queris’
859 3402 911 3453 874
928 3399 1095 3468 ‘sepulchri’

79 3473 133 3525 976
149 3467 229 3524 ‘vite'
279 3474 332 3524 983
348 3468 548 3539 ‘presentibus’
597 3473 650 3523 984
666 3465 807 3522 ‘Erumuis
825 3469 896 3523 vite'
948 3474 1000 3525 988
1017 3472 1097 3528 ‘Per-

79 3541 176 3612 petua'
232 3543 284 3594 988
305 3541 457 3597 ‘columbe’
514 3545 566 3595 980
586 3538 714 3608 ‘quante'
771 3545 823 3594 997
844 3539 961 3593 ‘secula’
