2354 3946
436 184 484 238 111.
510 183 558 237 oa
574 183 706 238 nauso.
1023 187 1083 250 145

54 336 1082 505 ulm⁰⁰sstlall³lrdl¹²{udrlllzullldaas

57 470 292 590 coniugaliono
321 525 379 588 per
406 505 551 590 singulos
578 506 806 588 cuiuscumque
835 506 925 570 uerbi
947 509 1083 570 utuntur

57 590 172 655 modos
193 590 332 654 relicere
353 589 467 654 melius
490 611 586 673 quam
608 589 739 674 exsequi
760 593 850 673 puio.

140 674 309 740 Nonnulli
333 673 372 738 de
393 675 585 758 imperalino
607 674 703 739 modo
727 675 946 759 quaestionem
962 675 1082 756 dicunt,
1108 696 1121 735 s

60 780 157 845 quare
180 760 319 843 primam
339 779 511 842 personam
531 779 596 823 non
612 758 729 823 habeat
750 759 924 824 secundum
939 781 1012 843 nos,
1029 761 1083 845 qui

59 844 142 909 hanc
171 864 334 929 negamus
361 864 455 927 posse
482 844 582 907 latine
611 843 684 908 dici.
722 847 862 907 ceterum
888 844 923 907 in
944 845 1082 927 quodam

59 928 241 1010 uolumine,
276 927 361 1012 quod
395 949 414 991 a
446 927 657 992 Terrenlio
690 927 896 992 Mamillio
929 929 1082 1012 scriptum

62 1012 240 1078 adtitulanl
260 1012 307 1077 ita
329 1012 514 1092 inuenitur,
541 1013 751 1096 imperatiuus
774 1012 886 1077 modus
910 1012 1083 1077 secundum

60 1102 126 1162 tres
140 1118 316 1182 personas,
340 1096 607 1181 quemadmodum
622 1097 735 1173 ceteri,
760 1097 904 1165 inflexus.
936 1098 981 1162 sic
997 1098 1121 1162 enimn

59 1182 212 1247 habemrt
242 1182 383 1264 laudm,
412 1181 528 1262 laada,
558 1180 775 1266 addentesque
798 1181 832 1245 in
854 1182 993 1246 secunda
1015 1205 1083 1266 per-

60 1287 141 1331 sona
169 1266 231 1331 sub
256 1264 464 1330 distinctione
486 1266 631 1330 scribunt
651 1266 702 1330 ael
724 1265 839 1330 laudes.
879 1267 924 1330 sic
947 1269 1083 1347 doceam,

60 1352 131 1417 dore
156 1350 212 1415 nel
241 1350 365 1432 doceam
396 1351 545 1432 audiam,
575 1351 655 1417 audi
682 1350 735 1414 uel
757 1351 891 1433 audiam
920 1371 1083 1433 quaeram,

59 1455 177 1519 quaere
197 1434 252 1498 uel
275 1454 426 1518 quaeras,
449 1439 483 1499 el
503 1434 643 1499 neutrali
664 1435 763 1498 uerbo
785 1437 910 1500 sedeam
916 1485 925 1518 ,
947 1438 1017 1501 sede
1032 1436 1084 1500 uel

58 1522 186 1599 sedeam
209 1520 386 1601 dormiam,
407 1520 510 1584 dormi
524 1519 577 1583 uel
592 1519 744 1584 dormias.
777 1521 905 1603 passiuo
921 1521 1083 1584 communi
1098 1537 1122 1577 15

59 1610 92 1670 et
113 1602 293 1689 deponenti
316 1604 444 1685 loram,
467 1604 589 1686 loquere
608 1603 661 1668 uel
682 1604 838 1686 docuerim
865 1605 998 1688 plurim,
1020 1607 1084 1686 plo·

58 1691 150 1755 riam
170 1687 224 1753 uel
244 1688 407 1771 domarim
434 1688 555 1771 horter,
585 1688 713 1754 hortare
740 1688 793 1752 uel
814 1689 956 1753 horteris
995 1697 1028 1752 el
1049 1690 1084 1752 in

58 1772 172 1838 futuro
193 1776 341 1855 temporo
356 1771 497 1836 eiusdem
512 1772 600 1836 modi
615 1773 661 1836 sic
675 1773 827 1836 habetur:
851 1773 990 1853 laudem,
1014 1773 1083 1837 larr-

58 1859 136 1924 dato
157 1857 212 1921 uel
234 1857 344 1921 laudes
365 1859 398 1920 el
420 1857 466 1920 sic
487 1877 546 1940 per
568 1860 674 1921 cetera
696 1857 803 1921 uerba.
835 1855 898 1920 hoc
920 1860 1027 1920 ulrum
1043 1857 1084 1920 sil

58 1942 123 2007 hac
137 1942 268 2006 ratione
283 1940 431 2024 plenum,
453 1963 496 2005 an
512 1941 845 2024 consuetudinarium,
860 1941 958 2004 immo
973 1941 1082 2024 potius
1096 1959 1122 1999 20

58 2026 232 2108 uitiosum,
254 2025 329 2089 nolo
352 2025 516 2090 audaciter
538 2025 733 2108 discerner03
756 2025 830 2108 quia
853 2026 913 2089 etsi
935 2046 994 2088 nos
1016 2046 1084 2089 non

58 2110 239 2177 habeamus
260 2110 296 2172 in
316 2131 392 2191 usu,
414 2110 467 2174 uel
489 2109 712 2174 declinationis
727 2110 827 2193 ipsius
842 2109 896 2173 uel
911 2110 1083 2175 celebrium

57 2195 239 2261 lectionum
261 2197 347 2258 certe
369 2215 441 2258 rara
462 2194 601 2259 lectione
623 2195 775 2259 docemur
797 2216 863 2258 non
883 2216 983 2278 usque
1005 2195 1084 2259 adeo

58 2300 239 2359 rennuere,
257 2279 284 2342 si
298 2278 383 2342 forle
399 2279 574 2364 contigerit
587 2280 724 2363 primam
739 2300 911 2365 personam
925 2283 960 2344 in
975 2303 1084 2364 supra·

59 2368 240 2431 memorato
262 2363 404 2427 inueniri
425 2365 527 2427 modo.
1097 2381 1122 2418 a

146 2448 225 2513 Alia
248 2447 391 2594 ‹lpuaestio
414 2450 463 2512 esi
485 2468 566 2533 quae
589 2447 742 2531 quosdam
770 2451 896 2528 mouet,
924 2447 1084 2531 quomodo

60 2534 153 2619 quasi
184 2553 248 2597 con
264 2532 329 2595 usis
357 2530 410 2596 uel
434 2532 612 2596 commixtis
635 2531 739 2595 modis
761 2532 941 2597 infiniliuus
964 2532 1083 2597 indica·

60 2617 128 2682 tino
150 2617 207 2681 uel
229 2617 374 2763 ozieliuo
396 2616 602 2700 adiungitur,
625 2636 753 2680 necnon
775 2620 807 2679 el
830 2619 1083 2682 coniunctaliuo.

62 2702 106 2767 sic
134 2702 226 2766 enim
278 2702 353 2764 abes
375 2701 443 2765 dico
465 2702 545 2767 dirr's
565 2700 619 2764 uel
641 2701 741 2765 dicere
762 2702 853 2781 dicit,
881 2703 1015 2768 dicimus
1037 2704 1083 2767 di-

62 2788 130 2852 rilis
152 2786 265 2851 dicmd
284 2785 337 2849 uel
359 2786 468 2850 dicere.
501 2790 646 2869 tempore
667 2786 792 2849 futuro:
817 2787 921 2852 dicam
936 2788 1017 2852 dices
1032 2788 1084 2850 uel
1098 2802 1122 2839 ³⁰

63 2870 162 2937 dicere
184 2870 278 2954 diret,
307 2871 444 2935 dicemus
465 2871 572 2936 dicatis
594 2871 696 2935 diceret
716 2870 767 2933 uel
790 2872 899 2936 dicere.
939 2871 1084 2954 optatiuo

64 2975 190 3040 quoquo
212 2954 310 3018 modo
332 2955 459 3019 alicam
480 2956 612 3020 dicerem
634 2955 751 3019 diceres
765 2955 814 3018 uel
831 2956 940 3019 dicere.
975 2955 1084 3018 fuluro

64 3042 188 3105 utinam
210 3040 316 3105 dicam
338 3040 426 3104 dicos
447 3039 500 3102 uel
522 3041 638 3119 dicere,
664 3039 772 3103 diram
793 3039 845 3102 uel
867 3040 982 3117 dicem,
1006 3038 1084 3101 ilem

65 3144 130 3190 mm
159 3126 334 3190 diceremus
361 3124 502 3189 diceretis
524 3125 660 3189 dicerem
680 3124 732 3186 uel
755 3123 871 3187 dicere:
901 3127 934 3186 el
955 3123 990 3185 in
1013 3142 1084 3204 pas·

126 3350 145 3397 4
160 3343 313 3398 reddicero
326 3342 357 3398 N
369 3343 408 3411 118
425 3343 462 3396 ad
472 3343 507 3397 N
515 3357 584 3402 corr.
597 3343 661 3395 Mai
673 3344 683 3410 u
698 3344 728 3393 16
740 3339 864 3406 loqueris
877 3339 911 3394 N
918 3340 928 3410 ΙΙ
942 3344 973 3391 17
986 3339 1085 3391 hortar

67 3408 112 3479 Nl
123 3417 159 3465 20
176 3426 212 3465 ac
229 3410 274 3478 N,
292 3411 357 3477 sort.
376 3411 544 3465 adiectiram
561 3412 722 3464 antecedere
741 3407 845 3460 eccidit
857 3407 867 3474 ΙΙ
881 3413 912 3461 ‘22
930 3405 1085 3477 celebrium

67 3477 160 3547 Ν124
177 3479 342 3548 contegeris
358 3476 393 3530 N
401 3479 411 3546 ΙΙ
424 3484 456 3532 27
475 3477 635 3534 cummixlis
652 3476 752 3530 modus
770 3473 808 3529 N.

109 3574 188 3625 vlrgss
203 3574 240 3615 ed.
256 3574 365 3614 Hnemer.
850 3564 881 3613 ll)
