2354 3946
116 202 176 266 118
342 198 497 255 VIRGILII
516 198 682 254 MARONIS
700 197 907 258 EPISTOLAE.

113 354 228 436 fuerit,
251 353 379 418 dutinus
402 373 511 417 cassus
526 353 696 436 posteriori
719 355 850 417 acuetur
863 352 988 437 syllaba
1002 356 1040 418 ut
1054 355 1130 437 ipat,

109 440 209 521 parri,
239 440 330 504 naui.
374 435 401 501 si
429 459 506 501 uero
534 438 658 520 syllaba
685 437 879 502 nominatiui
908 459 1018 502 cassus
1047 439 1133 522 prior

114 527 208 588 acuta
225 522 340 604 fuerit,
364 522 465 587 datiui
482 543 590 586 cassus
604 523 765 606 posterior
780 522 974 605 corripietur
988 525 1027 586 ut
1041 524 1132 606 cladi,

110 608 205 689 fumi.
244 609 272 671 si
300 628 376 671 uero
399 607 619 671 nominatiuus
644 628 751 671 cassus
773 606 1014 690 monosyllabae
1037 607 1133 672 fuerit

88 692 201 755 sillius
230 691 396 755 dumtaxat
419 713 499 775 quae
521 695 637 756 natura
658 692 758 776 longa
780 691 890 771 fuerit,
919 690 1008 756 illius
1031 693 1135 774 prima

114 776 293 875 syllabam
316 777 405 841 omni
428 798 518 840 cassu
541 777 682 841 acuenda
705 780 754 840 est
776 778 807 839 et
828 776 971 858 reliquae
992 777 1135 860 syllabae

113 864 381 1010 comillgntiiiiiuo
404 948 508 1009 autem
533 944 651 1027 plurali
673 947 706 1009 et
728 944 868 1008 ablatiuo
891 943 985 1008 multi
1009 944 1136 1011 diuersa

113 1051 254 1109 sensere,
278 1031 414 1093 maxime
437 1049 510 1093 cum
532 1030 567 1092 in
589 1031 618 1094 is
639 1029 795 1113 syllabam
817 1029 1009 1095 terminatus
1024 1028 1133 1094 fuerit

75 1134 99 1173 ιο
114 1115 233 1178 etenim
257 1117 381 1177 ueteres
403 1114 508 1178 nostri
530 1134 590 1176 nos
612 1114 659 1177 ita
680 1113 872 1190 docuerunt,
896 1116 932 1176 ut
954 1113 1064 1178 nullus
1080 1115 1134 1178 ab·

112 1198 229 1262 latiuus
258 1218 365 1261 cassus
393 1197 428 1260 in
450 1199 478 1263 is
500 1196 656 1281 syllabam
683 1198 874 1262 terminatus
902 1197 1134 1280 produceretur

112 1286 244 1364 excepto
268 1303 340 1345 cum
363 1302 420 1364 per
443 1281 504 1346 duo
525 1284 539 1346 e'
560 1283 699 1365 scriptus
722 1286 806 1347 esset
826 1285 862 1345 ut
880 1284 985 1347 radiis
991 1329 1001 1363 ,
1024 1285 1132 1364 copies,

110 1368 254 1450 paudie's,
285 1366 439 1449 brachiis,
465 1368 599 1448 pladiis,
626 1367 729 1449 podiis
757 1370 790 1431 et
817 1367 946 1431 ceteris:
975 1370 1010 1430 at
1029 1368 1132 1449 scoies,

110 1451 211 1529 stolis,
240 1450 354 1534 plebis,
383 1451 499 1532 modis,
529 1451 650 1534 umba,
679 1452 784 1535 deuia,
805 1451 930 1534 populis
952 1455 986 1515 et
1007 1451 1132 1533 ceteris,

72 1553 98 1595 is
112 1537 221 1600 omnia
246 1535 426 1599 huiusmodi
450 1535 547 1600 uerba
569 1535 712 1600 ablatiuo
736 1537 852 1619 corripi
875 1556 1003 1618 semper
1018 1535 1133 1601 debere

113 1620 295 1684 censebant.
333 1623 474 1685 ceterum
502 1621 596 1683 nouis
625 1620 721 1685 scolis
744 1621 1048 1704 superuenientibus
1071 1620 1135 1684 alia

112 1706 274 1768 sententia
296 1704 493 1788 superuenit.
537 1703 648 1768 dicunt
670 1705 756 1769 enim
779 1705 896 1784 nostri,
924 1706 1007 1788 quod
1030 1705 1135 1769 omnis

112 1789 239 1853 datiuus
261 1792 295 1853 et
316 1789 476 1854 ablaticus
500 1809 605 1852 cassus
627 1789 760 1871 pluralis
782 1790 817 1853 in
839 1791 868 1854 ia
891 1789 1050 1872 syllabam
1072 1793 1136 1854 ter-

111 1874 254 1938 minatus
283 1874 399 1958 longus
426 1895 552 1957 semper
579 1877 695 1937 natura
723 1875 774 1937 sit.
813 1873 889 1957 quid
917 1894 994 1956 ergo
1015 1872 1135 1938 facturi

72 1979 222 2022 susumus
251 1961 284 2022 et
311 1958 386 2042 quid
413 1978 569 2041 ponemus
598 1957 791 2022 discriminis
819 1959 906 2022 inter
932 1957 1025 2021 illum
1047 1958 1136 2023 abla-

111 2043 214 2107 tiuum
236 2042 407 2125 pluralem,
431 2043 486 2125 qui
508 2063 566 2125 per
585 2041 647 2106 duo
662 2042 868 2106 successario
883 2042 1059 2125 productus
1076 2047 1135 2125 est,

112 2130 145 2190 et
167 2148 239 2189 eum
262 2148 356 2210 quem
373 2129 488 2190 natura
504 2126 602 2210 longa
617 2146 685 2190 esse
699 2127 824 2191 metrici
839 2125 1025 2192 affirmant?
1048 2128 1135 2192 hanc

112 2211 259 2293 regulam
281 2231 457 2292 ponamus,
480 2213 517 2273 ut
538 2210 642 2273 omnis
658 2209 783 2274 datiuus
799 2215 832 2275 et
846 2211 1009 2278 ablatiuus
1024 2233 1135 2277 cassus

111 2294 260 2377 pluralis,
284 2294 339 2377 qui
362 2295 395 2357 in
419 2296 447 2359 is
469 2292 627 2378 syllabam
649 2295 855 2376 terminatur,
879 2295 907 2359 si
928 2296 963 2359 in
984 2297 1134 2362 nomina·

72 2397 97 2437 25
112 2378 179 2442 tiuo
202 2399 294 2443 cassu
317 2382 392 2442 ante
413 2378 623 2442 nouissimam
646 2378 803 2460 syllabam
824 2381 838 2444 i
858 2379 1015 2463 producta
1035 2380 1135 2447 fuerit

111 2468 147 2527 ut
160 2463 263 2546 filius,
284 2463 426 2544 placitus,
448 2463 574 2546 podius,
595 2463 683 2546 filia,
705 2464 826 2547 plocio,
849 2465 1024 2548 sapientia,
1048 2466 1134 2530 abla-

110 2547 197 2611 tiuus
227 2567 333 2610 cassus
360 2547 412 2611 uel
441 2546 569 2611 datiuus
590 2547 724 2630 pluralis
747 2548 809 2612 duo
832 2550 846 2613 i
866 2569 995 2632 semper
1016 2550 1135 2615 habeat

111 2635 144 2695 et
171 2631 326 2713 producte
354 2630 479 2696 dicatur
510 2632 602 2714 pleis,
634 2632 767 2714 pludiis,
800 2633 921 2716 politia,
952 2635 1132 2716 sapientiis,

108 2716 236 2798 pieriis,
259 2716 413 2799 brachiis,
428 2717 576 2798 puerilia,
592 2716 744 2782 colludiis.
778 2718 807 2782 si
820 2738 897 2781 uero
913 2719 1134 2783 nominatiuus

71 2820 98 2860 eo
112 2820 220 2864 cassus
235 2801 248 2864 i
264 2804 340 2863 ante
362 2800 569 2864 nouissimam
593 2800 749 2884 syllabam
772 2823 838 2866 non
860 2801 1011 2867 habuerit
1032 2807 1066 2866 et
1080 2803 1134 2867 ab

115 2885 231 2948 latiuus
254 2905 363 2949 cassus
386 2884 438 2948 uel
461 2885 587 2949 datiuus
609 2886 644 2948 in
665 2887 693 2951 c‘s
714 2885 814 2952 fuerit
835 2886 1042 2969 terminatus,
1065 2908 1132 2952 nou

112 2969 236 3035 duobus
258 2971 287 3051 c',
311 2968 366 3033 sed
388 2969 515 3054 uirgula
536 2972 663 3033 tantum
684 2974 741 3035 aut
754 2973 824 3039 solo
840 2993 919 3037 sono
934 2975 1134 3055 accentuque

112 3055 322 3137 producemus
350 3054 410 3119 bos
432 3054 571 3138 plurales
594 3075 702 3120 cassus
724 3057 788 3123 hoe
814 3058 927 3141 modo,
955 3060 991 3121 ut
1019 3057 1132 3136 mecm,

111 3282 194 3361 nl
213 3272 321 3328 fuerint
341 3273 399 3340 Nl
416 3279 431 3327 2
449 3274 641 3330 nominativus
662 3276 697 3331 N
707 3280 745 3346 113
765 3276 866 3330 acuatu
883 3275 917 3328 N
931 3290 999 3335 corr.
1017 3274 1132 3344 Mailss

111 3360 173 3411 dtm
192 3357 226 3412 N
233 3359 244 3426 ΙΙ
259 3364 288 3411 ll
307 3355 351 3422 his
367 3357 402 3411 N
411 3358 420 3425 ΙΙ
435 3363 466 3411 12
484 3358 591 3427 scriptu
608 3359 642 3413 N
650 3361 661 3427 ll
673 3367 706 3415 28
725 3373 819 3413 omnes
836 3356 870 3408 N
879 3357 889 3424 ΙΙ
902 3363 935 3410 26
952 3357 1137 3413 ablativosN

111 3427 126 3494 Η
142 3432 175 3478 aa
203 3421 325 3480 bar'chiis
346 3424 381 3479 N
394 3425 404 3492 ΙΙ
422 3424 542 3478 oulludis
564 3425 598 3479 N
618 3428 711 3496 (etium
731 3427 764 3479 iu
785 3425 881 3491 maru.)
904 3439 974 3480 corr.
992 3425 1058 3482 Mai
1074 3428 1084 3496 Ι
1100 3431 1133 3482 32

110 3495 179 3544 som]
197 3492 232 3545 N
241 3493 251 3559 ΙΙ
264 3491 326 3546 suf.
346 3490 447 3544 brasiis
464 3491 568 3560 globiis
584 3493 623 3550 N.
