2422 3976
433 219 480 277 VI.
508 219 595 275 VITA
614 219 641 275 S.
657 218 833 276 cnssrnnl.
1097 219 1139 284 73

12 368 21 375 “
54 399 107 448 230
125 382 216 466 Ergo
241 385 330 447 certa
353 381 457 447 sciens
481 388 515 447 et
537 382 606 448 veri
627 382 744 447 nuntia
766 381 899 447 eredens

126 470 253 536 Obtulit
277 471 440 555 extemplo
463 470 534 555 regi
556 471 714 536 libamina
737 490 869 556 magno,

126 557 188 634 Qui
210 581 277 625 non
299 559 438 644 omittit,
460 559 593 643 propria
616 580 698 644 quos
721 562 827 624 morte
850 558 997 625 redemit.

187 715 229 770 De
248 715 449 772 convocatione
468 713 697 785 coepiscoporum
715 716 745 769 et
763 715 946 783 conquirente
964 713 1079 785 populo.

14 818 18 823 ¹
127 825 295 891 Convocat
316 823 394 889 hinc
417 823 523 889 socios
546 823 581 888 in
605 823 716 888 eadem
740 826 829 888 sorte
852 823 986 906 dicatos,

12 950 18 955 -
126 913 206 989 Quis
228 914 336 997 primo
360 916 488 994 votum,
510 917 588 997 poet
609 911 725 995 pandit
746 911 850 977 herile
872 916 1037 998 rogatum.

56 1018 108 1067 230
127 1001 215 1077 Quos
238 1002 294 1067 ubi
317 1005 433 1066 contra
455 1003 543 1066 stare
565 1000 656 1066 videt
679 999 846 1065 molimine
868 1001 973 1084 firmo,

10 1136 13 1143 ·
126 1089 276 1155 Prodidit
300 1111 466 1173 arcanum,
490 1088 577 1174 quod
599 1086 750 1154 Christus
774 1089 816 1154 ab
840 1110 899 1154 axe
921 1089 1072 1174 polorum

126 1178 252 1264 Innuit3
274 1179 349 1243 inde
371 1179 484 1243 favent
508 1199 620 1243 omues
643 1177 796 1242 insistere
819 1181 943 1262 coepto.

126 1267 230 1333 Ardet
254 1267 344 1332 abire
367 1266 483 1333 dehinc
504 1267 736 1351 propriamque
759 1266 942 1350 relinquere
964 1270 1102 1351 terram,

127 1354 272 1441 Cumque
295 1360 386 1421 λαῶν
408 1356 540 1441 patulas
563 1354 652 1419 istud
674 1354 865 1438 percelleret
887 1377 991 1440 aures,

55 1460 108 1510 240
126 1443 274 1529 Diriguit
297 1444 406 1510 subita
430 1443 557 1529 gelidus
580 1443 754 1508 formidine
777 1445 913 1528 sanguis

126 1533 237 1617 Atque
260 1532 460 1599 incredibilis
483 1554 592 1597 rerum
613 1530 703 1596 fama
726 1536 862 1615 occupat
885 1553 1007 1598 omnes.

126 1621 174 1687 At
195 1626 291 1706 pater
313 1622 459 1707 ignorat,
483 1641 567 1704 quae
588 1619 696 1704 prima
719 1619 850 1685 exordia
873 1624 991 1686 sumat.

127 1708 180 1774 Sic
203 1711 380 1776 alternanti
402 1710 513 1795 potior
535 1708 700 1773 sententia
722 1707 793 1772 visa
816 1712 881 1773 est:

126 1799 293 1864 Accersire
317 1819 453 1884 gregem
475 1800 571 1862 tauta
592 1795 768 1862 formidine
790 1795 921 1862 flentem

55 1903 107 1952 245
127 1887 175 1951 Ac
198 1886 302 1951 lenire
323 1886 401 1950 illos
424 1886 536 1951 edictis
560 1885 714 1950 mollibus
738 1907 860 1952 omnes.

126 1974 278 2058 Undique
300 1974 497 2040 conveniunt
519 1975 642 2059 inopes,
666 1973 779 2060 magni
802 1979 836 2039 et
859 1974 1047 2043 mediocres.

127 2062 205 2139 Quis
230 2084 321 2129 sacer
343 2084 478 2128 exorsus
501 2062 584 2128 solio
608 2065 656 2128 sic
678 2063 753 2128 infit
776 2063 817 2129 ab
841 2063 925 2128 alto:

126 2149 375 2236 ‘Cunctipotens
398 2151 527 2236 genitor
549 2151 720 2217 hominum
742 2174 914 2237 rerumque
938 2156 1087 2237 repertor
1158 2181 1206 2221 c.

125 2239 193 2305 Vos
216 2239 292 2305 fidei
313 2244 416 2305 testes
440 2245 473 2304 et
496 2241 567 2324 spei
589 2242 707 2306 robore
728 2241 832 2306 fortes

54 2345 106 2394 250
126 2326 369 2414 Consortesque
392 2329 443 2394 sui
466 2330 618 2413 quocirca
639 2329 783 2396 nominis
806 2330 886 2395 almi

125 2416 197 2482 Iam
219 2416 289 2482 fore
312 2418 475 2483 concessit
497 2418 589 2482 verbi
610 2440 671 2483 nec
693 2419 778 2484 lacte
801 2419 930 2503 caretis,

125 2504 261 2569 Viribus
284 2510 322 2570 ut
344 2509 426 2571 totis
449 2506 545 2572 illum
567 2508 688 2592 iugiter
710 2507 862 2573 recolatis

126 2591 251 2658 (iuncta
273 2593 464 2678 refutantes,
486 2595 595 2680 ipsum
619 2617 716 2678 super
738 2597 849 2660 omnia
872 2599 1027 2675 amantes,

124 2682 288 2766 Prospera
309 2681 444 2749 vitando
467 2688 502 2749 et
523 2705 691 2767 nunquam
713 2705 867 2766 perversa
887 2685 1063 2750 tremendo.

53 2788 105 2836 200
124 2769 228 2835 Vobis
252 2770 377 2837 edicam
400 2775 551 2856 repetens
574 2771 757 2855 iterumque
780 2773 935 2838 monebo:

124 2859 198 2944 Eia,
220 2864 325 2925 estote
348 2859 411 2924 viri
432 2859 536 2924 fortes
558 2861 749 2945 nullumque
771 2862 941 2944 paventes!

124 2946 203 3012 Non
224 2952 340 3033 pastor
362 2948 466 3013 deerit
489 2948 592 3027 vobis,
614 2947 783 3014 non'cura
805 2948 934 3032 salutis3

125 3035 244 3101 Pascat
266 3038 323 3121 qui
345 3036 437 3122 fecit,
459 3037 617 3122 firmabit,
641 3037 867 3102 consolidabit.

196 3235 248 3283 230
267 3234 286 3281 0
305 3227 430 3283 ‘nuncia’
495 3227 765 3296 2310‘extimplo’
828 3233 880 3282 232
900 3234 918 3280 0
938 3228 1022 3284 ‘nono
1040 3229 1136 3285 mioit’

124 3328 158 3340 -
177 3304 198 3351 r
218 3299 405 3381 ‘populorum'
425 3315 476 3368 pro
496 3298 749 3370 ‘coepiscoporum’
809 3303 861 3353 233
881 3304 900 3351 0
919 3299 1028 3354 ‘sotios'
1084 3305 1138 3355 234

122 3370 245 3439 P‘quis'
260 3388 290 3424 m
308 3370 437 3439 margine
451 3367 555 3438 ‘queis'
602 3374 654 3424 236
673 3368 882 3423 c‘arehanum'
928 3374 981 3424 237
996 3375 1015 3422 0
1030 3370 1135 3440 ‘cepto’

124 3446 176 3496 ase
195 3447 214 3494 c
233 3439 322 3496 ‘laon’
341 3445 364 3493 r
382 3441 412 3493 in
431 3439 556 3509 margine
576 3440 675 3494 ‘tuuc’
745 3445 797 3493 242
815 3444 837 3492 ι
857 3439 932 3509 ‘quo‘
998 3446 1049 3496 247
1067 3446 1090 3494 r
1107 3441 1138 3497 in

122 3512 250 3582 margine
266 3511 369 3581 ‘queis’
391 3515 408 3562 0
429 3509 489 3564 ‘eit'
509 3509 540 3564 in
559 3510 623 3566 ‘sic’
644 3514 800 3566 correctum
858 3516 911 3567 200
928 3512 1031 3581 P‘quo
1050 3512 1135 3568 circa’

125 3587 178 3636 204
197 3587 215 3634 0
233 3583 411 3653 ‘numquam'
467 3586 520 3636 255
538 3586 560 3634 1²
580 3582 762 3651 ‘iterumque'
