2354 3946
340 173 400 232 VH.
428 174 553 231 PASSIO
573 176 601 230 S.
620 175 791 231 ARNULFI.
1029 177 1072 241 93

59 338 249 422 Discipulus
273 339 362 403 valet
385 360 455 403 esse
480 337 590 422 meus,’
614 338 670 404 sed
694 341 728 403 et
750 338 838 404 istud
862 340 903 403 ab
928 339 996 404 alto

59 426 223 511 Percepit:
247 426 295 491 ‘Si
317 427 366 492 vis
389 427 508 512 iugiter
530 426 693 512 perfectus
716 426 843 512 haberi,

60 514 179 581 Omnia
196 515 304 581 ‚vende
327 516 439 582 volens
463 519 497 580 et
511 516 561 580 ¹da
585 517 760 582 miseratus
783 515 902 602 egenis,
970 539 972 543 ·

10 623 40 671 eo
61 604 151 679 Quae
174 607 232 669 tua
256 607 345 686 sunt,
369 607 402 668 et
424 605 614 669 thesaurum
637 626 733 688 super
757 610 847 671 astra
871 605 1022 687 polorum

60 693 274 756 Possessurus
299 693 370 759 eris.
411 692 486 758 Mea
508 697 583 776 post
606 694 746 778 vestigia
768 692 888 778 perge?

61 781 214 847 Pontifici
238 802 392 866 sponsam
415 783 594 847 committit
618 786 651 847 et
674 782 784 848 omnia
806 782 957 866 linquens

61 869 176 954 Carpit
198 870 261 934 iter
284 870 428 956 longum.
470 870 515 934 Te
538 871 679 955 primum
702 871 816 936 visitat
838 871 967 954 hospes,

60 959 167 1023 Roma
190 963 316 1042 potens,
340 959 426 1042 quod
449 962 483 1022 tc
505 959 628 1023 tollunt
651 958 714 1024 duo
737 959 864 1024 lumina
886 959 998 1024 mundi

10 1063 42 1113 00
61 1048 99 1112 Iu
123 1048 274 1131 sublime,
296 1046 422 1131 Petrus,
444 1051 558 1132 pastor
580 1046 745 1112 benefidus
769 1047 875 1130 ovilis,

59 1136 105 1200 Et
128 1134 249 1200 Paulus
272 1136 405 1221 pariter,
428 1136 543 1202 doctor
565 1135 726 1200 mirabilis
750 1136 848 1201 orbis.

60 1223 156 1308 Hinc,
180 1221 416 1288 Constantinus
440 1245 521 1308 quas
545 1225 690 1290 condidit
713 1225 934 1310 induperator,

60 1313 162 1378 Aroes
184 1312 362 1376 Ierusalem
385 1312 487 1377 traxit
508 1317 542 1377 te
565 1335 643 1378 cura
666 1313 809 1396 videndi,

60 1400 187 1466 Gaudia
210 1398 424 1482 Christicolis,
446 1401 531 1466 bone
553 1401 612 1485 vir,
636 1402 709 1466 loca
732 1402 832 1487 digna
855 1401 1008 1486 sepulcri,

10 1507 42 1556 05
61 1489 133 1566 Qua
156 1489 294 1554 iacuisse
318 1511 446 1555 sacrum
469 1511 587 1574 corpus
612 1489 734 1554 domini
757 1489 962 1555 dominorum‘

60 1579 186 1645 Nostra
207 1577 288 1642 fides
311 1581 463 1645 testatur.
504 1577 571 1643 Ubi
593 1582 778 1663 prostratus
802 1578 917 1644 adoras

60 1667 240 1732 Aeternum
262 1688 374 1752 regern
396 1666 459 1731 tibi
481 1686 618 1751 poscens
642 1666 729 1732 dona
752 1667 869 1732 salutis

59 1757 106 1821 Et
129 1756 242 1842 multis
266 1755 478 1840 inibi3⁴precc
500 1777 577 1820 nam
600 1755 789 1838 praecordia
811 1754 921 1820 fundis

59 1844 147 1909 Ante
170 1844 265 1909 deum
288 1845 394 1909 multa
415 1844 565 1929 rogitans
588 1844 635 1908 ibi
657 1845 798 1930 longius,
820 1866 923 1930 usque

12 1948 43 1997 10
61 1931 201 2017 Cogeret
225 1933 265 1996 ad
288 1933 428 2017 patriam
453 1932 534 1997 caeli
558 1933 703 2017 dilapsus
726 1933 768 1998 ab
793 1955 861 2015 axe,

61 2019 143 2086 Oum
167 2023 322 2104 sperabas
345 2044 421 2087 nam
444 2022 530 2085 vitae
553 2021 607 2086 hie
629 2043 817 2105 percurrere
841 2025 975 2105 metam,

60 2109 226 2174 Maturare
249 2109 336 2174 viam
359 2109 481 2174 reditus
504 2110 609 2174 bonus
633 2110 777 2196 angelus.
815 2109 909 2175 Unde
1090 2129 1106 2169 f.
1121 2122 1146 2170 or

60 2197 212 2262 Festinus
236 2219 360 2262 remeas
384 2196 518 2263 Christo
541 2197 672 2263 domino
696 2199 789 2282 duce3
811 2219 924 2263 verum

60 2285 119 2351 Bis
143 2287 242 2351 denos
266 2309 368 2353 annos
392 2292 425 2352 et
449 2290 575 2371 septem
597 2287 698 2352 vertit
720 2286 841 2372 Apollo

10 2392 42 2440 15
61 2375 157 2460 Ante,
180 2375 363 2441 revertendi
387 2398 483 2460 quam
506 2377 664 2441 terminus
687 2376 758 2460 ipse
779 2375 921 2441 veniretu

336 2533 378 2587 De
397 2531 555 2588 reversione
575 2532 665 2587 saneti
682 2532 798 2585 Arnulfi.

59 2639 133 2705 Hoc
156 2642 300 2724 spatium
323 2641 410 2706 vitae
432 2641 535 2706 laicus
557 2644 765 2724 transegerat
788 2640 889 2705 exsul.

59 2727 205 2793 Ventum
229 2734 300 2795 erat
323 2729 364 2795 ad
387 2733 531 2813 portum,
554 2729 611 2814 qui
632 2727 737 2793 fertur
760 2749 838 2793 voce
861 2727 1030 2812 Ravenm,

59 2815 191 2882 Nobilis
215 2821 294 2883 urbs
318 2823 351 2882 ct
375 2818 464 2883 dives
488 2840 587 2902 opum
610 2838 693 2902 quae
717 2816 853 2901 suscipit
875 2816 976 2882 istum

59 2903 249 2972 Humanum
272 2911 419 2972 tractans
443 2929 513 2971 cum
538 2905 693 2970 mellifluo
715 2905 887 2994 famulatu.

10 3012 41 3061 20
61 2994 135 3070 Qua
156 2997 307 3078 precibus
331 2995 499 3060 dominum
522 2994 586 3059 sibi
609 2986 736 3080 quae‘iit
758 2993 944 3078 propitiari3

59 3082 208 3168 Pervigil
231 3084 374 3148 excubiis
397 3088 476 3149 tunc
497 3083 639 3168 primum
662 3104 801 3167 namque
825 3082 949 3147 dierum

134 3332 185 3382 193
206 3328 286 3384 ‘cub'
343 3334 395 3383 203
415 3327 606 3382 ‘hierusalem'
663 3332 716 3381 204
736 3326 880 3395 ‘sepulcri’
898 3325 974 3380 inter
988 3341 1003 3379 c
1018 3326 1075 3379 etr

57 3399 234 3468 heuperscr.
295 3405 346 3454 207
367 3399 463 3454 ‘bona’
485 3399 503 3453 d
522 3415 657 3468 superscr.
721 3403 773 3453 208
794 3398 823 3468 ‘15
843 3403 947 3469 000ᾶρ
964 3396 1071 3453 cordin’

58 3475 114 3525 210
130 3468 208 3523 ‘ccli’
257 3475 309 3524 211
325 3469 416 3524 ‘Cum’
433 3468 525 3540 prima
542 3470 638 3524 littera
655 3469 754 3524 avulsa
809 3472 861 3522 210
878 3469 917 3538 ‘qt
934 3485 968 3523 m

56 3559 78 3612 q
99 3543 129 3596 et
147 3556 233 3611 supra
252 3545 264 3596 t
283 3539 374 3596 lineae
394 3541 494 3596 ductae
555 3545 607 3594 216
628 3539 715 3595 ‘exul’
773 3545 825 3594 220
845 3539 952 3608 ‘querit'
