2354 3946
121 167 166 234 94
402 165 462 222 Vll.
490 165 616 221 PASSIO
637 166 663 223 S.
683 164 853 224 nanum.

264 358 298 369 -
318 328 481 383 Ravennam
499 325 614 382 veniens
631 328 773 382 mortuum
792 323 942 384 suscitavit
962 358 996 369 —

121 438 375 522 Increpitantem
399 436 542 500 enimam
567 434 668 499 sentit
690 435 737 501 de·
753 457 888 520 corpore
911 435 1057 522 lapsam,

123 526 227 605 Quam
251 525 417 590 cruciabat
440 527 534 589 atrox
557 544 751 609 congressus
776 524 1033 590 daemoniorum.

122 616 197 681 Non
220 615 299 680 tulit
322 615 384 680 hoe
408 617 526 695 motus,
549 611 628 696 quin
651 613 769 678 terruit
792 611 927 677 horrida
950 616 1102 680 monstra

50 719 103 770 225
124 706 333 788 Extorquens
357 703 424 767 illis
448 700 607 785 animam,
630 723 695 786 qua
717 702 863 785 eorporis
887 706 985 766 antro

122 793 263 858 Reddita
286 790 459 858 convaluit.
496 789 661 865 Quaeres
684 789 719 853 in
742 792 891 872 tempore
915 812 1019 874 parvo

122 881 277 964 Delituit,
300 902 360 963 pro
383 902 446 963 quo
471 879 583 942 furtim
608 876 758 943 discessit
781 878 822 943 ab
845 877 914 942 illis

123 970 276 1034 Partib'ns
300 969 362 1032 hoc
385 973 540 1049 metuens,
563 987 604 1030 ne
627 967 723 1031 laude
746 967 870 1030 feratur
892 966 994 1033 inani.

122 1057 249 1121 Rursus
274 1056 315 1119 ad
338 1055 490 1118 eximium
513 1054 640 1119 rediens
663 1077 722 1138 per
744 1076 902 1139 prospera
925 1059 1057 1140 patrem

51 1159 103 1209 230
123 1144 214 1208 Sedis
238 1142 407 1207 Remensis
430 1145 557 1208 taetrae
581 1143 721 1227 caligine
744 1145 849 1208 noctis

122 1231 209 1297 Ante
232 1230 317 1295 diem
341 1250 479 1315 pergens
503 1251 681 1315 paucorum
705 1232 787 1297 calle
811 1231 938 1297 dierum

172 1418 206 1429 -
224 1387 370 1443 Adventus
389 1386 448 1440 eius
466 1387 504 1441 ad
524 1385 626 1455 Cellas,
644 1386 694 1441 ubi
713 1387 836 1442 alterum
853 1387 1039 1446 resuscitavit
1056 1420 1091 1432 -

122 1497 272 1582 Expleto,
295 1496 379 1562 sicut
402 1496 523 1581 potuit,
546 1496 635 1561 venit
656 1518 759 1581 usque
782 1497 937 1562 locellum
1089 1511 1093 1519 ·
1148 1511 1159 1551 t

123 1587 175 1651 Ad
199 1586 372 1672 quendam,
396 1584 505 1651 (161101
529 1585 665 1682 dictum,
689 1585 749 1650 sub
775 1606 838 1668 quo
861 1585 936 1650 fluit
960 1589 1069 1653 amnis

125 1674 286 1760 Sequana,
311 1697 411 1759 quum
434 1696 551 1758 corpus
576 1674 641 1738 iam
664 1695 792 1737 cassum
816 1695 948 1739 munere
971 1678 1066 1742 vitae

52 1779 103 1830 230
122 1764 258 1829 Funeris
282 1764 391 1828 officio
415 1763 589 1846 cupiebant
611 1763 739 1826 tradere
761 1762 869 1827 fossae

123 1852 217 1918 Illius
241 1853 333 1917 fundi
355 1851 496 1937 populus
521 1851 674 1917 collectus
698 1850 825 1933 ubique.

123 1942 217 2018 Quod
239 1942 352 2026 procul
376 1944 412 2004 ut
435 1941 509 2007 visu
531 1940 724 2026 perceperit,
747 1938 823 2004 ilico
847 1938 953 2003 cordis

122 2030 260 2096 Viscera
283 2033 392 2094 motus
415 2030 507 2093 humi
532 2029 669 2113 genibus
693 2050 766 2093 cum
790 2049 925 2112 corpore
948 2029 1025 2096 fixis
1109 2037 1121 2054 “

408 2214 442 2222 -
462 2183 559 2238 Oratio
578 2185 669 2239 sancti
686 2183 794 2238 Arnulfl
812 2214 847 2224 —

124 2292 198 2376 ‘Tu,
223 2292 299 2356 deus
324 2290 540 2374 omnipotens,
564 2291 641 2356 licet
664 2291 812 2357 intueare
835 2295 928 2356 reatu

52 2395 104 2446 240
123 2380 176 2445 Μ6
200 2380 304 2443 11111110
327 2376 502 2462 pressum,'
526 2381 708 2462 proclamat
731 2380 849 2446 mentis
874 2381 915 2446 ab
938 2379 1016 2466 imo,

124 2467 198 2533 ‘Oui
221 2467 309 2553 potis
334 2470 384 2531 est
407 2466 513 2533 caelos
537 2471 570 2532 et
594 2473 709 2534 cuneta
732 2474 840 2535 creata
863 2491 921 2555 per
944 2470 1062 2536 orbem

122 2556 259 2621 Vertere
283 2557 419 2621 mutatis
443 2557 649 2643 intempore
673 2562 790 2623 cuncta
812 2558 936 2643 figuris,

123 2644 264 2710 Tradere
280 2666 425 2730 quaeque
443 2648 529 2731 neci,
549 2671 630 2734 quae
644 2649 771 2732 vivunt,
792 2669 937 2731 quaeque
956 2651 1141 2735 moventur,

122 2733 269 2800 Reddere
292 2756 402 2798 rursus
427 2737 473 2800 eis
497 2739 615 2802 vitam:
643 2738 739 2803 modo
763 2736 886 2821 respice
909 2734 1002 2800 vultu

52 2838 104 2889 245
124 2821 302 2905 Ρ1061111161,
320 2859 356 2868 -
374 2845 446 2887 mea
464 2846 532 2889 non
550 2826 704 2890 claudant
722 2826 809 2889 mala
827 2826 895 2890 sive
913 2825 1084 2892 retardent
1100 2863 1138 2874 -

124 2909 185 2986 Qui
209 2911 282 2995 pius
306 2932 339 2974 es
364 2910 501 2974 nimium
517 2919 720 2998 ‚propterque
743 2914 936 2997 rogantibus
961 2917 994 2977 et
1017 2936 1085 2979 non

122 2998 184 3063 Vis
208 3001 411 3084 peecatorem
435 2999 583 3066 damnari
607 3006 711 3067 morte
735 3002 859 3084 rapaci,

195 3179 247 3229 223
268 3172 483 3228 ‘demoniorum’
539 3178 593 3227 224
613 3174 748 3244 ‘Quintus
766 3175 834 3228 ruit’
892 3181 944 3228 230
965 3176 1074 3233 ‘Sedis
1096 3196 1140 3234 re·

124 3245 227 3300 mensis
251 3243 428 3314 (‘remensus'
449 3241 535 3296 fuisse
553 3245 676 3312 videtur)
700 3245 783 3299 tetre’
850 3251 901 3299 232
923 3246 1028 3314 ‘potuit
1050 3247 1137 3304 sicut’

124 3316 228 3372 litteris
247 3317 266 3370 b
284 3317 314 3370 et
332 3332 350 3368 a
368 3313 597 3382 transpositionis
622 3314 822 3384 significandae
846 3331 931 3369 causa
955 3320 1140 3388 superpositis

125 3394 177 3444 233
194 3387 271 3457 ‘qua’
289 3402 305 3441 o
324 3401 461 3454 supersor.
516 3391 568 3440 234
585 3387 694 3455 ‘quum’
711 3405 761 3456 per
780 3384 973 3455 compendium
994 3389 1140 3459 scriptum,

125 3475 180 3516 sec.
199 3478 236 3513 m.
257 3457 328 3511 ‘ubi’
348 3473 484 3526 supersor.
553 3461 606 3512 232
626 3456 690 3511 ‘Te’
711 3474 726 3511 e
749 3458 780 3511 in
803 3477 822 3511 u
845 3455 1001 3511 correctum
1024 3460 1141 3516 videtur

125 3534 176 3583 241
197 3529 296 3584 ‘celos’
353 3533 406 3583 241
427 3527 579 3582 ‘Preduloi’
636 3532 688 3583 247
709 3526 879 3597 ‘dampnari’
