<?xml version="1.0" encoding="UTF-8"?>
<!DOCTYPE html PUBLIC "-//W3C//DTD XHTML 1.0 Transitional//EN"
    "http://www.w3.org/TR/xhtml1/DTD/xhtml1-transitional.dtd">
<html xmlns="http://www.w3.org/1999/xhtml" xml:lang="en" lang="en">
 <head>
  <title>
</title>
<meta http-equiv="Content-Type" content="text/html;charset=utf-8" />
  <meta name='ocr-system' content='tesseract 3.04.00' />
  <meta name='ocr-capabilities' content='ocr_page ocr_carea ocr_par ocr_line ocrx_word'/>
</head>
<body>
  <div class='ocr_page' id='page_1' title='image "./grammaticiopera00virggoog_0328.png"; bbox 0 0 2354 3946; ppageno 0'>
   <div class='ocr_carea' id='block_1_1' title="bbox 338 180 1071 247">
    <p class='ocr_par' dir='ltr' id='par_1_1' title="bbox 338 180 1071 247">
     <span class='ocr_line' id='line_1_1' title="bbox 338 180 1071 247; baseline 0.003 -11"><span class='ocrx_word' id='word_1_1' title='bbox 338 181 398 236; x_wconf 86' lang='lat' dir='ltr'><strong>VH.</strong></span> <span class='ocrx_word' id='word_1_2' title='bbox 426 180 553 236; x_wconf 83' lang='lat' dir='ltr'>PASSIO</span> <span class='ocrx_word' id='word_1_3' title='bbox 573 181 598 237; x_wconf 77' lang='lat' dir='ltr'><strong>S.</strong></span> <span class='ocrx_word' id='word_1_4' title='bbox 618 182 788 239; x_wconf 80' lang='lat' dir='ltr'><strong>ARNULFI.</strong></span> <span class='ocrx_word' id='word_1_5' title='bbox 1028 181 1071 247; x_wconf 85' lang='lat'><strong>95</strong></span> 
     </span>
    </p>
   </div>
   <div class='ocr_carea' id='block_1_2' title="bbox 10 343 1144 1405">
    <p class='ocr_par' dir='ltr' id='par_1_2' title="bbox 57 343 872 498">
     <span class='ocr_line' id='line_1_2' title="bbox 57 343 872 431; baseline 0.004 -23"><span class='ocrx_word' id='word_1_6' title='bbox 57 343 120 410; x_wconf 83' lang='lat' dir='ltr'><strong>sed</strong></span> <span class='ocrx_word' id='word_1_7' title='bbox 144 345 250 430; x_wconf 87' lang='lat' dir='ltr'><strong>magis</strong></span> <span class='ocrx_word' id='word_1_8' title='bbox 273 347 312 409; x_wconf 93' lang='lat' dir='ltr'><strong>ut</strong></span> <span class='ocrx_word' id='word_1_9' title='bbox 334 344 421 409; x_wconf 85' lang='lat' dir='ltr'><strong>vitae</strong></span> <span class='ocrx_word' id='word_1_10' title='bbox 445 365 619 408; x_wconf 89' lang='lat' dir='ltr'><strong>conversus</strong></span> <span class='ocrx_word' id='word_1_11' title='bbox 642 345 713 410; x_wconf 89' lang='lat' dir='ltr'><strong>luce</strong></span> <span class='ocrx_word' id='word_1_12' title='bbox 735 345 872 431; x_wconf 88' lang='lat' dir='ltr'><strong>fruatur,</strong></span> 
     </span>
     <span class='ocr_line' id='line_1_3' title="bbox 57 433 768 498; baseline 0 0"><span class='ocrx_word' id='word_1_13' title='bbox 57 433 233 498; x_wconf 87' lang='lat' dir='ltr'><strong>Vivificare</strong></span> <span class='ocrx_word' id='word_1_14' title='bbox 257 433 370 496; x_wconf 86' lang='lat' dir='ltr'><strong>volens</strong></span> <span class='ocrx_word' id='word_1_15' title='bbox 394 454 506 498; x_wconf 89' lang='lat' dir='ltr'><strong>omnes</strong></span> <span class='ocrx_word' id='word_1_16' title='bbox 531 435 564 497; x_wconf 87' lang='lat' dir='ltr'><strong>et</strong></span> <span class='ocrx_word' id='word_1_17' title='bbox 587 433 768 498; x_wconf 84' lang='lat' dir='ltr'><strong>salvificare</strong></span> 
     </span>
    </p>

    <p class='ocr_par' dir='ltr' id='par_1_3' title="bbox 10 520 1144 962">
     <span class='ocr_line' id='line_1_4' title="bbox 10 520 888 607; baseline 0.002 -21"><span class='ocrx_word' id='word_1_18' title='bbox 10 538 38 586; x_wconf 76' lang='lat'><strong>50</strong></span> <span class='ocrx_word' id='word_1_19' title='bbox 58 522 220 607; x_wconf 85' lang='lat' dir='ltr'><strong>Scireque‚</strong></span> <span class='ocrx_word' id='word_1_20' title='bbox 243 544 321 585; x_wconf 85' lang='lat' dir='ltr'><strong>vera</strong></span> <span class='ocrx_word' id='word_1_21' title='bbox 344 524 401 585; x_wconf 91' lang='lat' dir='ltr'><strong>tuo</strong></span> <span class='ocrx_word' id='word_1_22' title='bbox 426 543 508 606; x_wconf 88' lang='lat' dir='ltr'><strong>quae</strong></span> <span class='ocrx_word' id='word_1_23' title='bbox 532 520 598 584; x_wconf 91' lang='lat' dir='ltr'><strong>sint</strong></span> <span class='ocrx_word' id='word_1_24' title='bbox 622 522 769 587; x_wconf 85' lang='lat' dir='ltr'><strong>examine</strong></span> <span class='ocrx_word' id='word_1_25' title='bbox 792 523 888 590; x_wconf 90' lang='lat' dir='ltr'><strong>iusto.</strong></span> 
     </span>
     <span class='ocr_line' id='line_1_5' title="bbox 57 609 864 695; baseline 0.002 -21"><span class='ocrx_word' id='word_1_26' title='bbox 57 611 106 674; x_wconf 88' lang='lat' dir='ltr'><strong>Tu</strong></span> <span class='ocrx_word' id='word_1_27' title='bbox 130 611 216 675; x_wconf 86' lang='lat' dir='ltr'><strong>vitae</strong></span> <span class='ocrx_word' id='word_1_28' title='bbox 241 609 360 675; x_wconf 91' lang='lat' dir='ltr'><strong>donum</strong></span> <span class='ocrx_word' id='word_1_29' title='bbox 385 609 504 674; x_wconf 76' lang='lat' dir='ltr'>tribuis</span> <span class='ocrx_word' id='word_1_30' title='bbox 526 609 710 675; x_wconf 81' lang='lat' dir='ltr'><strong>viventibus</strong></span> <span class='ocrx_word' id='word_1_31' title='bbox 735 614 767 675; x_wconf 91' lang='lat' dir='ltr'><strong>et</strong></span> <span class='ocrx_word' id='word_1_32' title='bbox 791 634 864 695; x_wconf 87' lang='lat' dir='ltr'><strong>spes</strong></span> 
     </span>
     <span class='ocr_line' id='line_1_6' title="bbox 56 698 951 782; baseline 0.001 -18"><span class='ocrx_word' id='word_1_33' title='bbox 56 700 103 764; x_wconf 88' lang='lat' dir='ltr'><strong>Es</strong></span> <span class='ocrx_word' id='word_1_34' title='bbox 127 699 190 763; x_wconf 88' lang='lat' dir='ltr'><strong>tibi</strong></span> <span class='ocrx_word' id='word_1_35' title='bbox 213 698 399 763; x_wconf 81' lang='lat' dir='ltr'><strong>credentum</strong></span> <span class='ocrx_word' id='word_1_36' title='bbox 423 702 521 782; x_wconf 87' lang='lat' dir='ltr'><strong>atque</strong></span> <span class='ocrx_word' id='word_1_37' title='bbox 545 699 634 762; x_wconf 86' lang='lat' dir='ltr'><strong>salus</strong></span> <span class='ocrx_word' id='word_1_38' title='bbox 658 702 790 764; x_wconf 88' lang='lat' dir='ltr'><strong>aeterna</strong></span> <span class='ocrx_word' id='word_1_39' title='bbox 813 705 951 765; x_wconf 88' lang='lat' dir='ltr'><strong>tuorum.</strong></span> 
     </span>
     <span class='ocr_line' id='line_1_7' title="bbox 57 786 1144 876; baseline -0.001 -25"><span class='ocrx_word' id='word_1_40' title='bbox 57 786 168 853; x_wconf 82' lang='lat' dir='ltr'>Flecte</span> <span class='ocrx_word' id='word_1_41' title='bbox 190 787 272 852; x_wconf 91' lang='lat' dir='ltr'><strong>mihi</strong></span> <span class='ocrx_word' id='word_1_42' title='bbox 295 787 436 870; x_wconf 82' lang='lat' dir='ltr'><strong>vultum,</strong></span> <span class='ocrx_word' id='word_1_43' title='bbox 459 787 575 851; x_wconf 89' lang='lat' dir='ltr'><strong>faciem</strong></span> <span class='ocrx_word' id='word_1_44' title='bbox 599 787 681 851; x_wconf 90' lang='lat' dir='ltr'><strong>mihi</strong></span> <span class='ocrx_word' id='word_1_45' title='bbox 704 787 797 853; x_wconf 90' lang='lat' dir='ltr'><strong>flecte</strong></span> <span class='ocrx_word' id='word_1_46' title='bbox 820 788 1013 876; x_wconf 83' lang='lat' dir='ltr'><strong>benignam3</strong></span> <span class='ocrx_word' id='word_1_47' title='bbox 1089 807 1106 850; x_wconf 76' lang='lat' dir='ltr'><strong>a</strong></span> <span class='ocrx_word' id='word_1_48' title='bbox 1119 797 1144 850; x_wconf 68' lang='lat' dir='ltr'><strong>r*</strong></span> 
     </span>
     <span class='ocr_line' id='line_1_8' title="bbox 58 874 966 962; baseline 0.002 -22"><span class='ocrx_word' id='word_1_49' title='bbox 58 876 203 941; x_wconf 84' lang='lat' dir='ltr'>Auribus</span> <span class='ocrx_word' id='word_1_50' title='bbox 225 876 287 940; x_wconf 84' lang='lat' dir='ltr'><strong>hos</strong></span> <span class='ocrx_word' id='word_1_51' title='bbox 310 875 451 940; x_wconf 75' lang='lat' dir='ltr'><strong>immitte</strong></span> <span class='ocrx_word' id='word_1_52' title='bbox 475 874 549 958; x_wconf 88' lang='lat' dir='ltr'><strong>tuis,</strong></span> <span class='ocrx_word' id='word_1_53' title='bbox 573 896 654 959; x_wconf 91' lang='lat' dir='ltr'><strong>quos</strong></span> <span class='ocrx_word' id='word_1_54' title='bbox 677 877 777 940; x_wconf 90' lang='lat' dir='ltr'><strong>fundo</strong></span> <span class='ocrx_word' id='word_1_55' title='bbox 800 884 966 962; x_wconf 77' lang='lat' dir='ltr'><strong>precatus:</strong></span> 
     </span>
    </p>

    <p class='ocr_par' dir='ltr' id='par_1_4' title="bbox 10 963 1072 1405">
     <span class='ocr_line' id='line_1_9' title="bbox 10 963 966 1051; baseline 0.002 -23"><span class='ocrx_word' id='word_1_56' title='bbox 10 979 39 1028; x_wconf 78' lang='lat' dir='ltr'><strong>st</strong></span> <span class='ocrx_word' id='word_1_57' title='bbox 58 964 168 1030; x_wconf 83' lang='lat' dir='ltr'><strong>Redde</strong></span> <span class='ocrx_word' id='word_1_58' title='bbox 192 965 258 1029; x_wconf 87' lang='lat' dir='ltr'><strong>suia</strong></span> <span class='ocrx_word' id='word_1_59' title='bbox 282 963 437 1028; x_wconf 84' lang='lat' dir='ltr'><strong>membris</strong></span> <span class='ocrx_word' id='word_1_60' title='bbox 462 964 602 1029; x_wconf 87' lang='lat' dir='ltr'><strong>animam</strong></span> <span class='ocrx_word' id='word_1_61' title='bbox 627 968 805 1051; x_wconf 70' lang='lat' dir='ltr'><strong>surgatque</strong></span> <span class='ocrx_word' id='word_1_62' title='bbox 829 966 966 1031; x_wconf 87' lang='lat' dir='ltr'><strong>cadaver</strong></span> 
     </span>
     <span class='ocr_line' id='line_1_10' title="bbox 58 1052 1072 1137; baseline 0.004 -20"><span class='ocrx_word' id='word_1_63' title='bbox 58 1053 131 1118; x_wconf 92' lang='lat' dir='ltr'><strong>Hoc</strong></span> <span class='ocrx_word' id='word_1_64' title='bbox 155 1053 336 1136; x_wconf 82' lang='lat' dir='ltr'><strong>&lt;concede&gt;</strong></span> <span class='ocrx_word' id='word_1_65' title='bbox 359 1052 512 1134; x_wconf 85' lang='lat' dir='ltr'><strong>hominis,</strong></span> <span class='ocrx_word' id='word_1_66' title='bbox 535 1052 622 1137; x_wconf 89' lang='lat' dir='ltr'><strong>quod</strong></span> <span class='ocrx_word' id='word_1_67' title='bbox 645 1053 797 1118; x_wconf 83' lang='lat' dir='ltr'><strong>claudere</strong></span> <span class='ocrx_word' id='word_1_68' title='bbox 814 1055 940 1119; x_wconf 83' lang='lat' dir='ltr'><strong>viscera</strong></span> <span class='ocrx_word' id='word_1_69' title='bbox 963 1058 1072 1121; x_wconf 91' lang='lat' dir='ltr'><strong>terrae</strong></span> 
     </span>
     <span class='ocr_line' id='line_1_11' title="bbox 58 1139 1021 1226; baseline 0.003 -20"><span class='ocrx_word' id='word_1_70' title='bbox 58 1139 163 1206; x_wconf 80' lang='lat' dir='ltr'><strong>Caeca</strong></span> <span class='ocrx_word' id='word_1_71' title='bbox 186 1145 305 1226; x_wconf 88' lang='lat' dir='ltr'><strong>parant</strong></span> <span class='ocrx_word' id='word_1_72' title='bbox 326 1141 444 1205; x_wconf 89' lang='lat' dir='ltr'><strong>misere</strong></span> <span class='ocrx_word' id='word_1_73' title='bbox 468 1141 593 1224; x_wconf 86' lang='lat' dir='ltr'><strong>superis</strong></span> <span class='ocrx_word' id='word_1_74' title='bbox 617 1163 675 1225; x_wconf 90' lang='lat' dir='ltr'><strong>per</strong></span> <span class='ocrx_word' id='word_1_75' title='bbox 699 1143 806 1207; x_wconf 89' lang='lat' dir='ltr'><strong>saecla</strong></span> <span class='ocrx_word' id='word_1_76' title='bbox 827 1144 1021 1226; x_wconf 85' lang='lat' dir='ltr'><strong>negandum.</strong></span> 
     </span>
     <span class='ocr_line' id='line_1_12' title="bbox 57 1229 893 1315; baseline 0 -21"><span class='ocrx_word' id='word_1_77' title='bbox 57 1229 255 1294; x_wconf 82' lang='lat' dir='ltr'><strong>Defunctum</strong></span> <span class='ocrx_word' id='word_1_78' title='bbox 279 1251 409 1314; x_wconf 82' lang='lat' dir='ltr'><strong>revoce3</strong></span> <span class='ocrx_word' id='word_1_79' title='bbox 432 1229 480 1294; x_wconf 93' lang='lat' dir='ltr'><strong>nil</strong></span> <span class='ocrx_word' id='word_1_80' title='bbox 502 1233 631 1315; x_wconf 83' lang='lat' dir='ltr'><strong>tempus</strong></span> <span class='ocrx_word' id='word_1_81' title='bbox 655 1231 725 1294; x_wconf 87' lang='lat' dir='ltr'><strong>vita</strong></span> <span class='ocrx_word' id='word_1_82' title='bbox 748 1236 893 1296; x_wconf 88' lang='lat' dir='ltr'><strong>moretur</strong></span> 
     </span>
     <span class='ocr_line' id='line_1_13' title="bbox 58 1316 998 1405; baseline 0.005 -23"><span class='ocrx_word' id='word_1_83' title='bbox 58 1316 230 1404; x_wconf 80' lang='lat' dir='ltr'><strong>Surgendi3</strong></span> <span class='ocrx_word' id='word_1_84' title='bbox 254 1317 318 1383; x_wconf 92' lang='lat' dir='ltr'><strong>cito</strong></span> <span class='ocrx_word' id='word_1_85' title='bbox 341 1317 404 1402; x_wconf 82' lang='lat' dir='ltr'><strong>fac,</strong></span> <span class='ocrx_word' id='word_1_86' title='bbox 426 1317 502 1382; x_wconf 92' lang='lat' dir='ltr'><strong>Iesu</strong></span> <span class='ocrx_word' id='word_1_87' title='bbox 524 1318 617 1402; x_wconf 89' lang='lat' dir='ltr'><strong>bone,</strong></span> <span class='ocrx_word' id='word_1_88' title='bbox 641 1319 728 1403; x_wconf 89' lang='lat' dir='ltr'><strong>quod</strong></span> <span class='ocrx_word' id='word_1_89' title='bbox 750 1323 827 1405; x_wconf 92' lang='lat' dir='ltr'><strong>peto</strong></span> <span class='ocrx_word' id='word_1_90' title='bbox 852 1321 998 1404; x_wconf 87' lang='lat' dir='ltr'><strong>supplex.</strong></span> 
     </span>
    </p>
   </div>
   <div class='ocr_carea' id='block_1_3' title="bbox 374 1490 750 1547">
    <p class='ocr_par' dir='ltr' id='par_1_5' title="bbox 374 1490 750 1547">
     <span class='ocr_line' id='line_1_14' title="bbox 374 1490 750 1547; baseline 0 0"><span class='ocrx_word' id='word_1_91' title='bbox 374 1492 429 1547; x_wconf 89' lang='lat' dir='ltr'><strong>Ubi</strong></span> <span class='ocrx_word' id='word_1_92' title='bbox 447 1495 574 1547; x_wconf 89' lang='lat' dir='ltr'><strong>mortuus</strong></span> <span class='ocrx_word' id='word_1_93' title='bbox 591 1490 750 1547; x_wconf 84' lang='lat' dir='ltr'><strong>resurrexit.</strong></span> 
     </span>
    </p>
   </div>
   <div class='ocr_carea' id='block_1_4' title="bbox 10 1600 1029 3014">
    <p class='ocr_par' dir='ltr' id='par_1_6' title="bbox 10 1600 968 2041">
     <span class='ocr_line' id='line_1_15' title="bbox 10 1600 968 1667; baseline 0.001 -3"><span class='ocrx_word' id='word_1_94' title='bbox 10 1615 40 1665; x_wconf 75' lang='lat'><strong>50</strong></span> <span class='ocrx_word' id='word_1_95' title='bbox 58 1600 239 1667; x_wconf 77' lang='lat' dir='ltr'><strong>Confestim</strong></span> <span class='ocrx_word' id='word_1_96' title='bbox 261 1602 372 1666; x_wconf 84' lang='lat' dir='ltr'><strong>videas</strong></span> <span class='ocrx_word' id='word_1_97' title='bbox 394 1601 552 1666; x_wconf 90' lang='lat' dir='ltr'><strong>feretrum</strong></span> <span class='ocrx_word' id='word_1_98' title='bbox 577 1639 615 1648; x_wconf 96' lang='lat'>—</span> <span class='ocrx_word' id='word_1_99' title='bbox 642 1600 790 1665; x_wconf 87' lang='lat' dir='ltr'><strong>mirabile</strong></span> <span class='ocrx_word' id='word_1_100' title='bbox 813 1601 899 1666; x_wconf 81' lang='lat' dir='ltr'><strong>visu!</strong></span> <span class='ocrx_word' id='word_1_101' title='bbox 924 1636 968 1650; x_wconf 79' lang='lat'><strong>—-</strong></span> 
     </span>
     <span class='ocr_line' id='line_1_16' title="bbox 58 1689 872 1774; baseline 0.001 -21"><span class='ocrx_word' id='word_1_102' title='bbox 58 1689 166 1754; x_wconf 86' lang='lat' dir='ltr'><strong>Triste</strong></span> <span class='ocrx_word' id='word_1_103' title='bbox 189 1689 407 1754; x_wconf 90' lang='lat' dir='ltr'><strong>ministerium</strong></span> <span class='ocrx_word' id='word_1_104' title='bbox 431 1689 623 1774; x_wconf 87' lang='lat' dir='ltr'><strong>quantocius</strong></span> <span class='ocrx_word' id='word_1_105' title='bbox 647 1689 872 1774; x_wconf 85' lang='lat' dir='ltr'><strong>exsequiarum</strong></span> 
     </span>
     <span class='ocr_line' id='line_1_17' title="bbox 58 1777 848 1862; baseline 0.004 -22"><span class='ocrx_word' id='word_1_106' title='bbox 58 1777 194 1862; x_wconf 82' lang='lat' dir='ltr'><strong>Mutari3</strong></span> <span class='ocrx_word' id='word_1_107' title='bbox 220 1801 297 1842; x_wconf 88' lang='lat' dir='ltr'><strong>nani</strong></span> <span class='ocrx_word' id='word_1_108' title='bbox 320 1778 371 1844; x_wconf 86' lang='lat' dir='ltr'><strong>vir</strong></span> <span class='ocrx_word' id='word_1_109' title='bbox 394 1778 516 1843; x_wconf 90' lang='lat' dir='ltr'><strong>domini</strong></span> <span class='ocrx_word' id='word_1_110' title='bbox 540 1778 616 1842; x_wconf 88' lang='lat' dir='ltr'><strong>duni</strong></span> <span class='ocrx_word' id='word_1_111' title='bbox 640 1777 760 1843; x_wconf 89' lang='lat' dir='ltr'><strong>flebilis</strong></span> <span class='ocrx_word' id='word_1_112' title='bbox 783 1778 848 1843; x_wconf 88' lang='lat' dir='ltr'><strong>ista</strong></span> 
     </span>
     <span class='ocr_line' id='line_1_18' title="bbox 57 1865 937 1951; baseline 0.001 -21"><span class='ocrx_word' id='word_1_113' title='bbox 57 1865 168 1931; x_wconf 85' lang='lat' dir='ltr'><strong>Verba</strong></span> <span class='ocrx_word' id='word_1_114' title='bbox 185 1871 366 1951; x_wconf 88' lang='lat' dir='ltr'><strong>peroraret,</strong></span> <span class='ocrx_word' id='word_1_115' title='bbox 391 1868 519 1951; x_wconf 85' lang='lat' dir='ltr'><strong>signum</strong></span> <span class='ocrx_word' id='word_1_116' title='bbox 543 1889 620 1931; x_wconf 87' lang='lat' dir='ltr'><strong>mox</strong></span> <span class='ocrx_word' id='word_1_117' title='bbox 643 1866 786 1931; x_wconf 88' lang='lat' dir='ltr'><strong>cernitur</strong></span> <span class='ocrx_word' id='word_1_118' title='bbox 807 1866 937 1951; x_wconf 84' lang='lat' dir='ltr'><strong>ingens:</strong></span> 
     </span>
     <span class='ocr_line' id='line_1_19' title="bbox 58 1953 857 2041; baseline 0.001 -23"><span class='ocrx_word' id='word_1_119' title='bbox 58 1953 209 2020; x_wconf 88' lang='lat' dir='ltr'><strong>Mortuus</strong></span> <span class='ocrx_word' id='word_1_120' title='bbox 233 1957 392 2041; x_wconf 83' lang='lat' dir='ltr'><strong>exsurgit,</strong></span> <span class='ocrx_word' id='word_1_121' title='bbox 417 1956 526 2020; x_wconf 87' lang='lat' dir='ltr'><strong>luctus</strong></span> <span class='ocrx_word' id='word_1_122' title='bbox 549 1955 584 2019; x_wconf 93' lang='lat' dir='ltr'><strong>in</strong></span> <span class='ocrx_word' id='word_1_123' title='bbox 607 1955 726 2040; x_wconf 85' lang='lat' dir='ltr'><strong>gaudia</strong></span> <span class='ocrx_word' id='word_1_124' title='bbox 748 1955 857 2020; x_wconf 80' lang='lat' dir='ltr'><strong>vertit.</strong></span> 
     </span>
    </p>

    <p class='ocr_par' dir='ltr' id='par_1_7' title="bbox 10 2041 1029 2485">
     <span class='ocr_line' id='line_1_20' title="bbox 10 2041 1029 2128; baseline 0 -19"><span class='ocrx_word' id='word_1_125' title='bbox 10 2061 38 2109; x_wconf 75' lang='lat' dir='ltr'><strong>sc</strong></span> <span class='ocrx_word' id='word_1_126' title='bbox 58 2041 128 2118; x_wconf 80' lang='lat' dir='ltr'><strong>Quo</strong></span> <span class='ocrx_word' id='word_1_127' title='bbox 151 2043 240 2108; x_wconf 87' lang='lat' dir='ltr'><strong>facto</strong></span> <span class='ocrx_word' id='word_1_128' title='bbox 263 2045 437 2110; x_wconf 87' lang='lat' dir='ltr'><strong>vehemens</strong></span> <span class='ocrx_word' id='word_1_129' title='bbox 461 2048 577 2128; x_wconf 90' lang='lat' dir='ltr'><strong>stupor</strong></span> <span class='ocrx_word' id='word_1_130' title='bbox 599 2044 695 2108; x_wconf 90' lang='lat' dir='ltr'><strong>irruit</strong></span> <span class='ocrx_word' id='word_1_131' title='bbox 718 2044 869 2109; x_wconf 88' lang='lat' dir='ltr'><strong>omnibus</strong></span> <span class='ocrx_word' id='word_1_132' title='bbox 893 2045 1029 2109; x_wconf 88' lang='lat' dir='ltr'><strong>haerens</strong></span> 
     </span>
     <span class='ocr_line' id='line_1_21' title="bbox 56 2131 949 2217; baseline 0.003 -22"><span class='ocrx_word' id='word_1_133' title='bbox 56 2131 221 2197; x_wconf 85' lang='lat' dir='ltr'><strong>Mentibus</strong></span> <span class='ocrx_word' id='word_1_134' title='bbox 245 2136 411 2198; x_wconf 86' lang='lat' dir='ltr'><strong>astantum</strong></span> <span class='ocrx_word' id='word_1_135' title='bbox 435 2132 596 2217; x_wconf 88' lang='lat' dir='ltr'><strong>percurrit</strong></span> <span class='ocrx_word' id='word_1_136' title='bbox 620 2136 652 2196; x_wconf 91' lang='lat' dir='ltr'><strong>et</strong></span> <span class='ocrx_word' id='word_1_137' title='bbox 675 2154 751 2197; x_wconf 87' lang='lat' dir='ltr'><strong>ossa</strong></span> <span class='ocrx_word' id='word_1_138' title='bbox 773 2133 949 2199; x_wconf 86' lang='lat' dir='ltr'><strong>videntum.</strong></span> 
     </span>
     <span class='ocr_line' id='line_1_22' title="bbox 58 2218 840 2286; baseline 0.001 -2"><span class='ocrx_word' id='word_1_139' title='bbox 58 2218 214 2285; x_wconf 80' lang='lat' dir='ltr'><strong>Sensibus</strong></span> <span class='ocrx_word' id='word_1_140' title='bbox 236 2221 313 2286; x_wconf 93' lang='lat' dir='ltr'><strong>hinc</strong></span> <span class='ocrx_word' id='word_1_141' title='bbox 335 2222 369 2285; x_wconf 94' lang='lat' dir='ltr'><strong>in</strong></span> <span class='ocrx_word' id='word_1_142' title='bbox 393 2244 426 2285; x_wconf 87' lang='lat' dir='ltr'><strong>se</strong></span> <span class='ocrx_word' id='word_1_143' title='bbox 451 2226 574 2286; x_wconf 88' lang='lat' dir='ltr'><strong>secreto</strong></span> <span class='ocrx_word' id='word_1_144' title='bbox 598 2220 679 2285; x_wconf 90' lang='lat' dir='ltr'><strong>calle</strong></span> <span class='ocrx_word' id='word_1_145' title='bbox 702 2223 840 2286; x_wconf 85' lang='lat' dir='ltr'><strong>reversis</strong></span> 
     </span>
     <span class='ocr_line' id='line_1_23' title="bbox 56 2308 908 2395; baseline 0.002 -23"><span class='ocrx_word' id='word_1_146' title='bbox 56 2308 175 2374; x_wconf 87' lang='lat' dir='ltr'><strong>Laetos</strong></span> <span class='ocrx_word' id='word_1_147' title='bbox 201 2331 235 2374; x_wconf 90' lang='lat' dir='ltr'><strong>se</strong></span> <span class='ocrx_word' id='word_1_148' title='bbox 256 2310 379 2395; x_wconf 86' lang='lat' dir='ltr'><strong>pariter</strong></span> <span class='ocrx_word' id='word_1_149' title='bbox 401 2309 547 2374; x_wconf 88' lang='lat' dir='ltr'><strong>referunt</strong></span> <span class='ocrx_word' id='word_1_150' title='bbox 569 2309 605 2374; x_wconf 93' lang='lat' dir='ltr'><strong>in</strong></span> <span class='ocrx_word' id='word_1_151' title='bbox 628 2312 716 2374; x_wconf 87' lang='lat' dir='ltr'><strong>tecta</strong></span> <span class='ocrx_word' id='word_1_152' title='bbox 738 2310 908 2376; x_wconf 88' lang='lat' dir='ltr'><strong>domorum</strong></span> 
     </span>
     <span class='ocr_line' id='line_1_24' title="bbox 56 2396 1026 2485; baseline 0.003 -25"><span class='ocrx_word' id='word_1_153' title='bbox 56 2396 242 2462; x_wconf 86' lang='lat' dir='ltr'><strong>Laudantes</strong></span> <span class='ocrx_word' id='word_1_154' title='bbox 267 2398 446 2483; x_wconf 89' lang='lat' dir='ltr'><strong>dominum,</strong></span> <span class='ocrx_word' id='word_1_155' title='bbox 469 2420 564 2483; x_wconf 89' lang='lat' dir='ltr'><strong>quem</strong></span> <span class='ocrx_word' id='word_1_156' title='bbox 587 2399 724 2464; x_wconf 88' lang='lat' dir='ltr'><strong>laudant</strong></span> <span class='ocrx_word' id='word_1_157' title='bbox 746 2421 847 2485; x_wconf 84' lang='lat' dir='ltr'><strong>regne</strong></span> <span class='ocrx_word' id='word_1_158' title='bbox 869 2398 1026 2481; x_wconf 90' lang='lat' dir='ltr'><strong>polorum.</strong></span> 
     </span>
    </p>

    <p class='ocr_par' dir='ltr' id='par_1_8' title="bbox 10 2481 954 2925">
     <span class='ocr_line' id='line_1_25' title="bbox 10 2481 866 2569; baseline 0.004 -21"><span class='ocrx_word' id='word_1_159' title='bbox 10 2503 36 2551; x_wconf 61' lang='grc' dir='ltr'><strong>το</strong></span> <span class='ocrx_word' id='word_1_160' title='bbox 57 2485 124 2550; x_wconf 89' lang='lat' dir='ltr'><strong>Iste</strong></span> <span class='ocrx_word' id='word_1_161' title='bbox 148 2481 273 2569; x_wconf 84' lang='lat' dir='ltr'><strong>tamen,</strong></span> <span class='ocrx_word' id='word_1_162' title='bbox 297 2487 349 2552; x_wconf 90' lang='lat' dir='ltr'><strong>cui</strong></span> <span class='ocrx_word' id='word_1_163' title='bbox 371 2488 439 2551; x_wconf 82' lang='lat' dir='ltr'><strong>vita</strong></span> <span class='ocrx_word' id='word_1_164' title='bbox 461 2486 564 2569; x_wconf 88' lang='lat' dir='ltr'><strong>favet,</strong></span> <span class='ocrx_word' id='word_1_165' title='bbox 586 2491 752 2552; x_wconf 88' lang='lat' dir='ltr'><strong>recreatus</strong></span> <span class='ocrx_word' id='word_1_166' title='bbox 776 2487 866 2552; x_wconf 90' lang='lat' dir='ltr'><strong>abire</strong></span> 
     </span>
     <span class='ocr_line' id='line_1_26' title="bbox 56 2572 949 2652; baseline -0.001 -13"><span class='ocrx_word' id='word_1_167' title='bbox 56 2572 134 2639; x_wconf 88' lang='lat' dir='ltr'><strong>Non</strong></span> <span class='ocrx_word' id='word_1_168' title='bbox 157 2575 228 2639; x_wconf 88' lang='lat' dir='ltr'><strong>vult</strong></span> <span class='ocrx_word' id='word_1_169' title='bbox 251 2575 384 2640; x_wconf 88' lang='lat' dir='ltr'><strong>illorum</strong></span> <span class='ocrx_word' id='word_1_170' title='bbox 408 2597 479 2639; x_wconf 90' lang='lat' dir='ltr'><strong>esse</strong></span> <span class='ocrx_word' id='word_1_171' title='bbox 502 2597 618 2640; x_wconf 85' lang='lat' dir='ltr'><strong>novem</strong></span> <span class='ocrx_word' id='word_1_172' title='bbox 642 2576 808 2639; x_wconf 89' lang='lat' dir='ltr'><strong>consortia</strong></span> <span class='ocrx_word' id='word_1_173' title='bbox 828 2575 949 2652; x_wconf 79' lang='lat' dir='ltr'><strong>vitans,</strong></span> 
     </span>
     <span class='ocr_line' id='line_1_27' title="bbox 57 2659 954 2745; baseline -0.003 -17"><span class='ocrx_word' id='word_1_174' title='bbox 57 2659 120 2738; x_wconf 84' lang='lat' dir='ltr'><strong>Qui</strong></span> <span class='ocrx_word' id='word_1_175' title='bbox 143 2662 350 2728; x_wconf 87' lang='lat' dir='ltr'><strong>immemores</strong></span> <span class='ocrx_word' id='word_1_176' title='bbox 374 2664 591 2728; x_wconf 87' lang='lat' dir='ltr'><strong>benefactoris</strong></span> <span class='ocrx_word' id='word_1_177' title='bbox 615 2662 760 2728; x_wconf 89' lang='lat' dir='ltr'><strong>mercede</strong></span> <span class='ocrx_word' id='word_1_178' title='bbox 784 2662 954 2745; x_wconf 88' lang='lat' dir='ltr'><strong>carebunt,</strong></span> 
     </span>
     <span class='ocr_line' id='line_1_28' title="bbox 57 2748 937 2836; baseline -0.001 -21"><span class='ocrx_word' id='word_1_179' title='bbox 57 2748 120 2816; x_wconf 84' lang='lat' dir='ltr'><strong>Sed</strong></span> <span class='ocrx_word' id='word_1_180' title='bbox 145 2752 261 2816; x_wconf 88' lang='lat' dir='ltr'><strong>melius</strong></span> <span class='ocrx_word' id='word_1_181' title='bbox 285 2752 414 2834; x_wconf 87' lang='lat' dir='ltr'><strong>decimi,</strong></span> <span class='ocrx_word' id='word_1_182' title='bbox 438 2752 494 2836; x_wconf 90' lang='lat' dir='ltr'><strong>qui</strong></span> <span class='ocrx_word' id='word_1_183' title='bbox 517 2751 628 2816; x_wconf 89' lang='lat' dir='ltr'><strong>debita</strong></span> <span class='ocrx_word' id='word_1_184' title='bbox 651 2751 752 2836; x_wconf 84' lang='lat' dir='ltr'><strong>digna</strong></span> <span class='ocrx_word' id='word_1_185' title='bbox 774 2751 937 2836; x_wconf 87' lang='lat' dir='ltr'><strong>rependit,</strong></span> 
     </span>
     <span class='ocr_line' id='line_1_29' title="bbox 57 2839 803 2925; baseline -0.005 -20"><span class='ocrx_word' id='word_1_186' title='bbox 57 2839 157 2905; x_wconf 85' lang='lat' dir='ltr'><strong>Ouius</strong></span> <span class='ocrx_word' id='word_1_187' title='bbox 182 2840 238 2925; x_wconf 90' lang='lat' dir='ltr'><strong>qui</strong></span> <span class='ocrx_word' id='word_1_188' title='bbox 260 2840 359 2904; x_wconf 86' lang='lat' dir='ltr'><strong>fuerit</strong></span> <span class='ocrx_word' id='word_1_189' title='bbox 381 2840 522 2924; x_wconf 85' lang='lat' dir='ltr'><strong>vestigia</strong></span> <span class='ocrx_word' id='word_1_190' title='bbox 545 2839 640 2904; x_wconf 91' lang='lat' dir='ltr'><strong>corde</strong></span> <span class='ocrx_word' id='word_1_191' title='bbox 664 2842 803 2921; x_wconf 89' lang='lat' dir='ltr'><strong>secutus,</strong></span> 
     </span>
    </p>

    <p class='ocr_par' dir='ltr' id='par_1_9' title="bbox 10 2927 830 3014">
     <span class='ocr_line' id='line_1_30' title="bbox 10 2927 830 3014; baseline -0.005 -19"><span class='ocrx_word' id='word_1_192' title='bbox 10 2945 33 2995; x_wconf 73' lang='lat'><strong>&#39;5</strong></span> <span class='ocrx_word' id='word_1_193' title='bbox 55 2927 215 2993; x_wconf 85' lang='lat' dir='ltr'><strong>Eiusdem</strong></span> <span class='ocrx_word' id='word_1_194' title='bbox 239 2951 367 3014; x_wconf 88' lang='lat' dir='ltr'><strong>semper</strong></span> <span class='ocrx_word' id='word_1_195' title='bbox 389 2929 505 2993; x_wconf 89' lang='lat' dir='ltr'><strong>merito</strong></span> <span class='ocrx_word' id='word_1_196' title='bbox 529 2929 675 3012; x_wconf 91' lang='lat' dir='ltr'><strong>potietur</strong></span> <span class='ocrx_word' id='word_1_197' title='bbox 697 2927 830 2992; x_wconf 89' lang='lat' dir='ltr'><strong>honore.</strong></span> 
     </span>
    </p>
   </div>
   <div class='ocr_carea' id='block_1_5' title="bbox 54 3187 1073 3602">
    <p class='ocr_par' dir='ltr' id='par_1_10' title="bbox 54 3187 1073 3602">
     <span class='ocr_line' id='line_1_31' title="bbox 130 3187 1073 3257; baseline -0.004 -11"><span class='ocrx_word' id='word_1_198' title='bbox 130 3197 182 3246; x_wconf 78' lang='lat'><strong>252</strong></span> <span class='ocrx_word' id='word_1_199' title='bbox 203 3191 318 3245; x_wconf 81' lang='lat' dir='ltr'><strong>‘Estibi’</strong></span> <span class='ocrx_word' id='word_1_200' title='bbox 373 3197 427 3246; x_wconf 79' lang='lat'><strong>254</strong></span> <span class='ocrx_word' id='word_1_201' title='bbox 448 3191 583 3246; x_wconf 86' lang='lat' dir='ltr'><strong>‘inmitte’</strong></span> <span class='ocrx_word' id='word_1_202' title='bbox 605 3189 691 3245; x_wconf 71' lang='lat' dir='ltr'><strong>‘tuos’</strong></span> <span class='ocrx_word' id='word_1_203' title='bbox 712 3188 723 3242; x_wconf 91' lang='lat' dir='ltr'><strong>i</strong></span> <span class='ocrx_word' id='word_1_204' title='bbox 741 3205 875 3257; x_wconf 84' lang='lat' dir='ltr'><strong>superscr.</strong></span> <span class='ocrx_word' id='word_1_205' title='bbox 930 3192 983 3242; x_wconf 81' lang='grc'><strong>256</strong></span> <span class='ocrx_word' id='word_1_206' title='bbox 999 3187 1073 3242; x_wconf 83' lang='lat' dir='ltr'><strong>‘Hoc</strong></span> 
     </span>
     <span class='ocr_line' id='line_1_32' title="bbox 56 3257 1071 3331; baseline -0.006 -14"><span class='ocrx_word' id='word_1_207' title='bbox 56 3264 124 3330; x_wconf 86' lang='lat' dir='ltr'><strong>(sec.</strong></span> <span class='ocrx_word' id='word_1_208' title='bbox 150 3281 186 3316; x_wconf 91' lang='lat' dir='ltr'><strong>m.</strong></span> <span class='ocrx_word' id='word_1_209' title='bbox 211 3278 346 3330; x_wconf 85' lang='lat' dir='ltr'><strong>superscr.</strong></span> <span class='ocrx_word' id='word_1_210' title='bbox 368 3261 487 3330; x_wconf 83' lang='lat' dir='ltr'><strong>‘Istius’)</strong></span> <span class='ocrx_word' id='word_1_211' title='bbox 510 3261 639 3317; x_wconf 75' lang='lat' dir='ltr'><strong>hominis’</strong></span> <span class='ocrx_word' id='word_1_212' title='bbox 665 3264 714 3331; x_wconf 90' lang='lat' dir='ltr'><strong>[an</strong></span> <span class='ocrx_word' id='word_1_213' title='bbox 738 3261 840 3314; x_wconf 78' lang='lat' dir='ltr'><strong>‘Istius</strong></span> <span class='ocrx_word' id='word_1_214' title='bbox 861 3257 954 3327; x_wconf 81' lang='lat' dir='ltr'><strong>boc’?]</strong></span> <span class='ocrx_word' id='word_1_215' title='bbox 1019 3263 1071 3312; x_wconf 77' lang='grc'><strong>252</strong></span> 
     </span>
     <span class='ocr_line' id='line_1_33' title="bbox 57 3328 1069 3402; baseline -0.004 -16"><span class='ocrx_word' id='word_1_216' title='bbox 57 3331 154 3386; x_wconf 80' lang='lat' dir='ltr'><strong>‘Ceos’</strong></span> <span class='ocrx_word' id='word_1_217' title='bbox 177 3333 312 3388; x_wconf 76' lang='lat' dir='ltr'><strong>‘miserae’</strong></span> <span class='ocrx_word' id='word_1_218' title='bbox 335 3333 466 3402; x_wconf 77' lang='lat' dir='ltr'><strong>‘superis’</strong></span> <span class='ocrx_word' id='word_1_219' title='bbox 488 3349 542 3388; x_wconf 88' lang='lat' dir='ltr'><strong>sec.</strong></span> <span class='ocrx_word' id='word_1_220' title='bbox 561 3351 598 3386; x_wconf 91' lang='lat' dir='ltr'><strong>m.</strong></span> <span class='ocrx_word' id='word_1_221' title='bbox 614 3348 749 3401; x_wconf 77' lang='lat' dir='ltr'><strong>superior.</strong></span> <span class='ocrx_word' id='word_1_222' title='bbox 766 3328 947 3386; x_wconf 82' lang='lat' dir='ltr'><strong>‘virentibus’</strong></span> <span class='ocrx_word' id='word_1_223' title='bbox 970 3328 1069 3383; x_wconf 85' lang='lat' dir='ltr'><strong>‘secla’</strong></span> 
     </span>
     <span class='ocr_line' id='line_1_34' title="bbox 55 3397 1071 3473; baseline -0.009 -15"><span class='ocrx_word' id='word_1_224' title='bbox 55 3409 110 3458; x_wconf 83' lang='grc'><strong>261</strong></span> <span class='ocrx_word' id='word_1_225' title='bbox 132 3403 308 3473; x_wconf 82' lang='lat' dir='ltr'><strong>‘quantotius</strong></span> <span class='ocrx_word' id='word_1_226' title='bbox 332 3402 524 3473; x_wconf 88' lang='lat' dir='ltr'><strong>exequiarum’</strong></span> <span class='ocrx_word' id='word_1_227' title='bbox 594 3409 647 3456; x_wconf 83' lang='grc'><strong>264</strong></span> <span class='ocrx_word' id='word_1_228' title='bbox 668 3401 802 3472; x_wconf 79' lang='lat' dir='ltr'><strong>‘exurgit&#39;</strong></span> <span class='ocrx_word' id='word_1_229' title='bbox 872 3403 925 3454; x_wconf 82' lang='grc'><strong>268</strong></span> <span class='ocrx_word' id='word_1_230' title='bbox 945 3397 1071 3451; x_wconf 72' lang='lat' dir='ltr'><strong>‘Lantm&#39;</strong></span> 
     </span>
     <span class='ocr_line' id='line_1_35' title="bbox 57 3469 948 3545; baseline -0.006 -17"><span class='ocrx_word' id='word_1_231' title='bbox 57 3474 113 3528; x_wconf 85' lang='lat' dir='ltr'><strong>‘se’</strong></span> <span class='ocrx_word' id='word_1_232' title='bbox 135 3491 272 3543; x_wconf 85' lang='lat' dir='ltr'><strong>superscr.</strong></span> <span class='ocrx_word' id='word_1_233' title='bbox 332 3481 384 3530; x_wconf 83' lang='grc'><strong>269</strong></span> <span class='ocrx_word' id='word_1_234' title='bbox 405 3474 529 3545; x_wconf 73' lang='lat' dir='ltr'><strong>‘quaem’</strong></span> <span class='ocrx_word' id='word_1_235' title='bbox 587 3479 638 3528; x_wconf 78' lang='grc'><strong>272</strong></span> <span class='ocrx_word' id='word_1_236' title='bbox 661 3474 743 3528; x_wconf 82' lang='lat' dir='ltr'><strong>‘bene</strong></span> <span class='ocrx_word' id='word_1_237' title='bbox 762 3472 887 3533; x_wconf 87' lang='lat' dir='ltr'><strong>factoris’</strong></span> <span class='ocrx_word' id='word_1_238' title='bbox 910 3469 948 3523; x_wconf 76' lang='lat' dir='ltr'><strong>‘oc</strong></span> 
     </span>
     <span class='ocr_line' id='line_1_36' title="bbox 54 3545 289 3602; baseline -0.009 0"><span class='ocrx_word' id='word_1_239' title='bbox 54 3563 94 3602; x_wconf 88' lang='lat' dir='ltr'><strong>an</strong></span> <span class='ocrx_word' id='word_1_240' title='bbox 116 3545 289 3602; x_wconf 69' lang='lat' dir='ltr'><strong>‘carebant’r</strong></span> 
     </span>
    </p>
   </div>
   <div class='ocr_carea' id='block_1_6' title="bbox 0 0 1182 3946">
    <p class='ocr_par' dir='ltr' id='par_1_11' title="bbox 0 0 1182 3946">
     <span class='ocr_line' id='line_1_37' title="bbox 0 0 1182 3946; baseline 0 6"><span class='ocrx_word' id='word_1_241' title='bbox 0 0 1182 3946; x_wconf 95' lang='lat' dir='ltr'><strong> </strong></span> 
     </span>
    </p>
   </div>
  </div>
 </body>
</html>
