2354 3946
117 146 158 210 10
194 145 215 202 I.
243 143 369 205 PASSIO
389 143 437 199 SS.
450 143 558 199 PETRI
576 143 623 199 ΕΤ
642 144 753 200 PAULI
770 144 1055 205 APOSTOLORUM.

114 308 200 374 Hine
224 309 332 373 oriens
352 306 487 372 Petrum
509 307 645 392 pulchro
670 329 742 373 eum
766 308 889 373 lumine
913 311 1020 374 cernit

46 415 97 464 260
162 397 303 463 Occidua
325 400 358 461 el
381 396 518 460 Paulum
542 419 619 482 pars
642 400 734 461 lanei
757 400 855 482 atque
877 397 977 463 fovea

116 487 186 552 Hae
205 486 354 571 geminae
373 488 482 568 paries
506 485 645 569 populos
670 485 711 549 ad
733 484 848 549 limina
871 487 1025 572 mittunt,

159 575 304 651 Quorum
328 573 491 660 gaudebas
515 574 604 638 laeta
627 594 740 638 cruore
764 596 864 638 sacro.
984 622 989 631 .

115 663 281 728 Ornabare
303 663 395 747 prius
419 663 523 727 mulio
547 684 621 727 cum
644 662 802 747 sanguina
825 684 930 746 saeva,

160 752 294 817 Ornaris
319 752 408 816 mitis
432 773 505 816 cum
528 752 651 834 pietate
675 751 780 815 modu.

46 856 97 907 265
117 840 315 926 Oppugnaia
338 840 416 905 olim
439 840 552 904 multis
576 840 744 922 saevisque
767 840 928 923 tyrannis,

162 927 305 1013 Supplex
327 940 360 993 te
384 928 556 1012 quisquam
580 949 636 991 rex
658 927 756 1012 petit,
779 929 881 1013 audit,
905 933 1005 994 amat.

116 1017 187 1082 Hoc
210 1037 354 1081 meruere
378 1016 484 1100 duces,
507 1037 645 1101 quorum
668 1023 705 1080 tu
728 1038 860 1081 munere
883 1019 977 1082 tanlo

160 1104 254 1169 Nunc
277 1126 403 1187 vernas,
426 1104 532 1186 flores,
556 1103 672 1168 adfluis
696 1107 792 1190 alque
817 1105 907 1170 cluis.

117 1193 241 1270 Gallus,
264 1191 363 1273 Arar,
390 1191 540 1275 Parthus,
563 1189 673 1275 Syrus,
695 1191 851 1258 Gaetulus
875 1197 908 1257 et
931 1193 1044 1280 Indus,

46 1298 97 1347 270
161 1280 248 1356 Quos
271 1284 433 1345 tremuere
456 1280 517 1363 lui,
542 1280 620 1344 dant
642 1280 705 1345 libi
728 1282 827 1366 colla,
851 1303 976 1347 manus.

117 1369 217 1435 Gesla
240 1372 469 1453 tyrannorum,
491 1369 616 1433 bellum
639 1369 733 1434 civile
756 1371 808 1435 vel
831 1370 936 1435 hostis
1148 1396 1161 1436 f.

159 1457 245 1522 Nam
270 1457 393 1523 saevire
416 1457 529 1542 nequit
551 1461 585 1522 le
609 1458 815 1542 reprimenie,
839 1459 931 1543 deus3

114 1547 241 1613 Invidia
265 1547 398 1611 absistit
422 1549 536 1611 sancta
559 1551 592 1610 et
614 1545 744 1611 devocio
767 1547 896 1631 flagrat.

161 1635 322 1711 Quaerere
345 1638 388 1714 te,
410 1633 517 1719 Petre,
540 1634 680 1718 undique
703 1638 792 1699 terra
815 1636 900 1719 silii3

46 1740 98 1790 275
118 1725 163 1789 Te
186 1725 265 1788 fletu
288 1724 495 1809 lacrimisque
517 1726 636 1807 rugant
660 1723 860 1805 singultibus
885 1728 991 1808 atque,

159 1811 337 1897 Culparum
360 1834 461 1878 nexus
486 1812 610 1877 solvere
633 1814 670 1875 ul
694 1813 764 1896 ipse
788 1812 877 1877 velis.

115 1902 160 1966 Te
185 1924 321 1987 quoque,
344 1900 453 1984 Paule,
477 1901 596 1965 adeunt
620 1921 722 1984 aequa
745 1923 818 1965 cum
842 1905 949 1966 mente
972 1906 1133 1989 petentes,

160 1991 204 2056 Ut
227 1990 325 2055 Petro
349 1990 497 2073 precibus
522 1988 705 2053 consociere
728 1988 801 2072 piis.

137 2287 375 2353 HACTENUS
398 2286 549 2354 PASSIO
573 2287 914 2374 APOSTOLORUM3
937 2289 1109 2358 ABHINO

268 2392 412 2459 FACTA
434 2394 670 2461 NERONIAN
673 2397 702 2463 A
726 2395 975 2463 OANENTUR.

114 2571 261 2636 Exilium
284 2575 458 2656 postquam
482 2574 588 2638 laetus
612 2571 699 2638 Nero
722 2571 809 2638 forte
832 2573 959 2661 peregit

44 2676 97 2727 280
161 2658 355 2725 Sanctorum
378 2665 411 2726 ei
434 2662 561 2727 maduit
582 2661 639 2725 ille
663 2681 776 2725 cruore
800 2682 902 2746 sacre,

115 2749 192 2814 Non
214 2750 305 2813 siluit
328 2751 461 2836 sanguis
484 2749 580 2814 furva
604 2748 664 2812 sub
687 2751 781 2812 nocte
804 2749 946 2834 latend0,

160 2837 224 2903 Sed
248 2840 388 2903 clamore
411 2860 469 2902 suo
494 2834 635 2901 aetheris
660 2836 727 2899 alta
750 2834 840 2899 subit
865 2873 904 2884 -

114 2927 211 2992 Haud
235 2949 326 2992 secus
351 2963 393 2972 —
419 2925 531 2988 Abelis
554 2923 633 2987 iusti
656 2923 849 2988 documenta
873 2931 1011 3013 secutus

159 3015 232 3080 Vox
256 3013 346 3080 cuius
371 3014 460 3079 clara
483 3011 652 3094 sanguinis
676 3011 745 3076 alla
767 3013 865 3096 peiil3

186 3231 237 3279 261
255 3223 389 3292 ‘gemine'
441 3226 493 3276 265
509 3219 661 3288 ‘sanisque’
713 3224 766 3275 268
781 3219 896 3276 ‘affluis’
920 3223 1024 3277 ‘elicis’
1077 3233 1130 3283 269

117 3296 239 3350 ‘Partus'
262 3293 402 3348 ‘Gatulus’
459 3298 509 3347 271
527 3295 548 3343 B
565 3290 672 3346 chrta'
729 3296 782 3346 274
799 3291 943 3356 ‘Quarere'
1000 3299 1053 3348 275
1070 3297 1130 3351 ‘flc-

114 3366 177 3419 tula
191 3364 382 3432 criminisque’
395 3379 471 3418 error
484 3363 513 3416 in
526 3361 589 3431 ipso
604 3361 701 3416 codice
711 3368 730 3414 7
742 3365 883 3418 correctus
898 3366 941 3418 est
990 3369 1042 3420 278
1054 3366 1128 3422 ‘coa-

165 3438 170 3448 '
220 3437 228 3462 Ὶ

113 3452 368 3562 lomatle‘llaronia’
388 3511 409 3557 B
426 3503 574 3560 ‘Neronia’
630 3507 682 3558 281
701 3509 722 3557 B
738 3503 900 3560 ‘Oomiluit’
