2354 3946
102 147 162 213 132
332 144 485 201 VIRGILH
502 144 668 201 MARONIS
687 145 896 203 EPISTOLAE.

101 299 281 364 nescientes
310 298 396 382 quod
425 299 569 363 latinitas
597 302 689 363 tanta
719 299 760 363 sit
790 301 823 363 et
852 303 920 364 tam
950 298 1129 383 profunda,

101 388 138 448 ut
153 383 349 448 multimodis
370 385 445 467 <et>
464 382 626 448 uarifariis
648 383 805 466 explicare
826 384 974 448 sensibus
995 405 1131 448 necesse

101 469 153 534 sit.
188 469 260 552 quis
284 468 370 532 enim
392 467 587 532 latinitatem
606 472 751 532 sensatus
765 471 857 551 putet
871 471 939 532 tam
955 473 1131 553 angustam

103 553 214 618 haberi
237 558 369 636 tamque
394 555 548 636 artatam,
570 555 607 616 ut
629 553 878 636 unumquodque
901 553 1040 618 uerbum
1063 577 1131 619 unc

76 641 229 703 stantum
259 637 342 701 fario
370 658 499 721 unoque
527 658 622 702 sensu
650 640 837 701 contentum
870 658 940 702 esse
969 639 1130 721 uideatur,

126 722 293 787 raesertim
307 743 381 787 cum
391 722 561 787 latinitatis
572 721 672 805 ipsius
684 743 804 806 genera
813 721 982 787 duodecim
992 745 1130 788 numero

102 746 299 884 babeantm,
323 810 355 871 et
377 806 628 892 unumquodque
649 827 753 891 genus
775 807 892 871 multas
915 807 950 871 in
967 829 1038 872 sese
1055 829 1127 873 con·

102 893 262 976 plectatur
285 895 379 956 artes.

189 976 421 1059 Unusquisque
444 976 544 1058 igitur
563 975 740 1060 legentium
755 996 897 1059 sanoque
912 978 1131 1041 scrutantium

65 1089 90 1128 lo
104 1082 200 1125 sensu
230 1060 271 1146 (si
299 1065 408 1124 tamen
438 1059 550 1123 liuoris
578 1059 669 1125 nullo
692 1063 864 1143 torquetur
886 1060 1016 1145 morbo;
1046 1062 1131 1125 nibil

104 1147 190 1209 enim
219 1146 323 1208 liuens
353 1165 467 1207 sanum
495 1144 614 1207 sentire
643 1147 764 1228 potest,
793 1144 848 1228 qui
875 1145 952 1209 dum
980 1146 1053 1210 aliis
1082 1147 1129 1210 in·

102 1228 227 1310 uideat,
263 1230 365 1294 semet
398 1228 504 1310 ipsum
533 1231 644 1311 aperto
674 1228 803 1312 quidem
831 1230 978 1294 ueritatis
1006 1230 1128 1295 lumine

101 1312 245 1399 fraudat)
282 1312 387 1377 omnis
419 1313 549 1396 inquam
583 1312 685 1377 lector
718 1313 829 1378 subtili
857 1315 990 1378 studens
1020 1315 1128 1378 animo

103 1395 304 1461 multimodis
332 1396 426 1460 latini
457 1397 611 1466 sermonis
645 1398 714 1462 uias
748 1398 910 1462 intentare
947 1399 1129 1464 consideret

66 1510 91 1549 15
104 1481 252 1564 inprimis
275 1481 375 1565 ipsius
398 1481 552 1545 orationis
574 1483 642 1546 uim
664 1486 760 1566 atque
782 1486 948 1561 naturam,
974 1484 1005 1547 si
1019 1488 1125 1549 tamen

103 1587 161 1649 pro
197 1566 375 1630 subtilitate
403 1570 499 1649 atque
526 1565 751 1631 habundantia
778 1568 975 1632 considerari
1005 1591 1024 1632 a
1052 1590 1127 1652 quo·

103 1671 198 1734 quam
220 1655 306 1716 reete
330 1655 435 1734 queat.
468 1650 583 1714 deinde
605 1652 723 1716 multas
746 1673 813 1715 esse
835 1653 916 1717 sicat
936 1674 1064 1735 causas,
1087 1654 1127 1718 ob

105 1756 184 1819 quas
208 1734 411 1820 singulorum
433 1735 604 1799 inmotatio
627 1736 800 1801 uerborum
816 1737 886 1800 fieri
901 1737 1018 1802 soleat:
1040 1760 1128 1802 nunc

104 1821 191 1883 enim
218 1819 481 1903 necessitatibus,
513 1841 601 1884 nunc
631 1820 878 1912 discretionibus
905 1843 1125 1904 personarum,

65 1934 91 1973 ro
104 1925 190 1968 nunc
213 1908 386 1969 metrorum
402 1904 693 1989 conpositionibus,
716 1926 803 1970 nune
819 1905 1063 1989 eloquutionum
1079 1929 1127 1973 or·

104 1989 232 2053 natibus
261 1991 365 2054 omnis
394 1991 497 2052 oratio
519 1990 638 2054 seruiat
659 2011 789 2054 necesse
812 1994 869 2055 est.
908 1991 935 2054 si
958 1992 1031 2075 quis
1052 2014 1127 2078 ergo

105 2073 184 2138 haec
207 2095 223 2138 e
247 2074 350 2138 medio
371 2074 485 2137 tollere
507 2074 663 2156 potuerit,
687 2075 772 2158 quod
789 2077 897 2139 tamen
912 2075 982 2139 fieri
998 2077 1128 2142 omnino

105 2178 171 2221 non
199 2162 321 2241 potest,
351 2158 403 2222 bic
433 2158 552 2222 ualebit
580 2159 614 2221 in
643 2159 732 2223 omni
753 2159 913 2224 latinitate
934 2182 1035 2225 unam
1057 2184 1129 2227 ean-

107 2243 242 2325 demque
277 2244 379 2325 uiam,
412 2243 674 2306 consuetudinem
708 2264 747 2307 ae
780 2245 976 2308 sententiam
1005 2267 1128 2331 semper

68 2358 94 2400 a
107 2329 249 2390 astruere
279 2326 478 2399 seruandam.
514 2327 598 2390 sieut
626 2328 712 2391 enim
728 2328 793 2397 uia
821 2329 948 2412 quidem
978 2332 1070 2414 regia
1097 2335 1128 2395 et

106 2411 237 2494 publica
259 2433 325 2476 una
348 2415 414 2493 est,
439 2432 520 2494 quae
543 2411 582 2475 ad
598 2412 878 2494 metropolitanam
894 2414 990 2478 ducat
1006 2418 1126 2497 urbem,

107 2496 223 2559 multas
245 2501 355 2560 tamen
378 2518 416 2559 ex
439 2517 473 2559 se
496 2495 706 2579 procedentes
728 2496 828 2561 babet
842 2498 1024 2580 semitulas,
1049 2522 1128 2585 quae

107 2580 235 2662 quidem
263 2581 353 2664 ipsae
382 2579 422 2643 ad
449 2582 584 2644 eandem
610 2582 804 2664 perueniunt
825 2585 937 2647 urbem
960 2582 1053 2668 (nam
1076 2587 1128 2670 qui

108 2665 171 2726 duo
195 2664 339 2746 quolibet
359 2686 460 2728 unum
475 2665 537 2729 iter
551 2667 689 2750 ingressi
710 2665 848 2750 fuerint,
871 2669 903 2731 et
918 2689 1001 2732 unus
1017 2691 1127 2734 eorum

69 2781 95 2822 ³0
110 2770 167 2832 per
188 2748 289 2812 latam
311 2752 344 2813 et
365 2748 526 2832 publicam
549 2752 635 2814 uiam
681 2771 790 2835 ergene
806 2752 1025 2834 distinauerit,
1051 2756 1128 2820 alter

108 2855 185 2898 uero
209 2833 392 2898 semitulam
414 2835 506 2917 quasi
529 2774 826 2918 conpendiosiorem
849 2838 941 2920 gradi
956 2838 1128 2917 maduerit,

107 2918 317 2983 nihilominus
331 2921 442 2982 tamen
456 2919 491 2982 in
507 2920 617 2985 eadem
632 2923 710 2985 urbe
726 2922 951 3005 conueniunt),
967 2923 1015 2988 ita
1031 2925 1128 2989 etiarn

176 3144 191 3190 2
209 3138 305 3191 multis
323 3138 413 3192 modis
430 3137 570 3192 fanislaris
587 3138 621 3193 N
635 3141 678 3208 [14
696 3142 823 3263 tamqulq)
834 3157 985 3275 ¹quamque
1004 3141 1038 3196 N
1051 3143 1062 3211 ss
1075 3158 1128 3196 uno

119 3218 135 3256 o
154 3220 188 3259 ece
206 3211 234 3270 u)
258 3206 292 3260 N
305 3207 314 3274 ss
336 3213 366 3260 13
384 3222 481 3260 omnes
498 3205 533 3259 N
546 3207 556 3274 ΙΙ
575 3211 606 3259 16
624 3223 767 3276 quoquem
865 3217 894 3263 19
913 3210 1129 3264 discretionibus

120 3288 180 3327 rec
191 3276 217 3335 o)
238 3272 336 3341 Ν1120
354 3273 577 3342 copositionibus
594 3273 628 3326 N
637 3275 647 3342 l
661 3282 691 3328 al
712 3278 807 3331 servat
855 3315 860 3340 ,
880 3278 985 3331 serviat
996 3277 1062 3358 Mai
1074 3279 1084 3347 ΙΙ
1098 3284 1128 3332 27

108 3373 265 3493 qqmqqqeqp
278 3373 330 3494 {ll
343 3380 376 3429 es
389 3371 456 3443 ipsa·
466 3375 518 3443 un
531 3379 563 3428 ae
578 3375 627 3441 qur
638 3376 677 3442 n,
690 3377 714 3429 si
723 3376 788 3429 Mas
799 3377 809 3442 q
822 3380 852 3427 31
867 3359 1059 3443 asperata
1073 3379 1127 3448 Nl
