<?xml version="1.0" encoding="UTF-8"?>
<!DOCTYPE html PUBLIC "-//W3C//DTD XHTML 1.0 Transitional//EN"
    "http://www.w3.org/TR/xhtml1/DTD/xhtml1-transitional.dtd">
<html xmlns="http://www.w3.org/1999/xhtml" xml:lang="en" lang="en">
 <head>
  <title>
</title>
<meta http-equiv="Content-Type" content="text/html;charset=utf-8" />
  <meta name='ocr-system' content='tesseract 3.04.00' />
  <meta name='ocr-capabilities' content='ocr_page ocr_carea ocr_par ocr_line ocrx_word'/>
</head>
<body>
  <div class='ocr_page' id='page_1' title='image "./grammaticiopera00virggoog_0076.png"; bbox 0 0 2354 3946; ppageno 0'>
   <div class='ocr_carea' id='block_1_1' title="bbox 411 197 1066 270">
    <p class='ocr_par' dir='ltr' id='par_1_1' title="bbox 411 197 1066 270">
     <span class='ocr_line' id='line_1_1' title="bbox 411 197 1066 270; baseline -0.006 -16"><span class='ocrx_word' id='word_1_1' title='bbox 411 197 471 254; x_wconf 84' lang='lat' dir='ltr'>vn.</span> <span class='ocrx_word' id='word_1_2' title='bbox 498 197 549 253; x_wconf 85' lang='lat' dir='ltr'>on</span> <span class='ocrx_word' id='word_1_3' title='bbox 566 197 698 258; x_wconf 80' lang='lat' dir='ltr'>nanno,</span> <span class='ocrx_word' id='word_1_4' title='bbox 1023 204 1066 270; x_wconf 84' lang='lat'>55</span> 
     </span>
    </p>
   </div>
   <div class='ocr_carea' id='block_1_2' title="bbox 10 352 1102 1970">
    <p class='ocr_par' dir='ltr' id='par_1_2' title="bbox 45 352 1065 691">
     <span class='ocr_line' id='line_1_2' title="bbox 45 352 1064 437; baseline 0.006 -21"><span class='ocrx_word' id='word_1_5' title='bbox 45 353 212 435; x_wconf 82' lang='lat' dir='ltr'>septimum</span> <span class='ocrx_word' id='word_1_6' title='bbox 237 373 365 418; x_wconf 81' lang='lat' dir='ltr'>cassum</span> <span class='ocrx_word' id='word_1_7' title='bbox 386 357 422 418; x_wconf 94' lang='lat' dir='ltr'>ut</span> <span class='ocrx_word' id='word_1_8' title='bbox 443 352 567 419; x_wconf 72' lang='lat' dir='ltr'>uiuitur</span> <span class='ocrx_word' id='word_1_9' title='bbox 589 353 699 418; x_wconf 75' lang='lat' dir='ltr'>armis.</span> <span class='ocrx_word' id='word_1_10' title='bbox 744 355 778 416; x_wconf 85' lang='lat' dir='ltr'>at</span> <span class='ocrx_word' id='word_1_11' title='bbox 801 374 875 417; x_wconf 89' lang='lat' dir='ltr'>uero</span> <span class='ocrx_word' id='word_1_12' title='bbox 900 356 1064 437; x_wconf 85' lang='lat' dir='ltr'>passiuum</span> 
     </span>
     <span class='ocr_line' id='line_1_3' title="bbox 48 435 1063 524; baseline 0.004 -23"><span class='ocrx_word' id='word_1_13' title='bbox 48 437 171 501; x_wconf 86' lang='lat' dir='ltr'>uerbum</span> <span class='ocrx_word' id='word_1_14' title='bbox 195 438 226 502; x_wconf 88' lang='lat' dir='ltr'>si</span> <span class='ocrx_word' id='word_1_15' title='bbox 250 438 305 518; x_wconf 87' lang='lat' dir='ltr'>sit,</span> <span class='ocrx_word' id='word_1_16' title='bbox 327 458 445 502; x_wconf 89' lang='lat' dir='ltr'>nomen</span> <span class='ocrx_word' id='word_1_17' title='bbox 467 435 609 501; x_wconf 75' lang='lat' dir='ltr'><strong>adtrahit</strong></span> <span class='ocrx_word' id='word_1_18' title='bbox 630 436 721 502; x_wconf 86' lang='lat' dir='ltr'>iuxta</span> <span class='ocrx_word' id='word_1_19' title='bbox 742 437 823 501; x_wconf 93' lang='lat' dir='ltr'>illud</span> <span class='ocrx_word' id='word_1_20' title='bbox 836 437 993 524; x_wconf 71' lang='lat' dir='ltr'>&#39;Glengi</span> <span class='ocrx_word' id='word_1_21' title='bbox 1015 443 1063 506; x_wconf 76' lang='lat' dir='ltr'>in-</span> 
     </span>
     <span class='ocr_line' id='line_1_4' title="bbox 51 520 1065 607; baseline 0.002 -21"><span class='ocrx_word' id='word_1_22' title='bbox 51 522 187 587; x_wconf 74' lang='lat' dir='ltr'>testinum</span> <span class='ocrx_word' id='word_1_23' title='bbox 214 545 239 588; x_wconf 86' lang='lat' dir='ltr'>a</span> <span class='ocrx_word' id='word_1_24' title='bbox 261 520 420 588; x_wconf 78' lang='lat' dir='ltr'>Romanis</span> <span class='ocrx_word' id='word_1_25' title='bbox 444 521 567 605; x_wconf 60' lang='lat' dir='ltr'>quator</span> <span class='ocrx_word' id='word_1_26' title='bbox 594 520 715 586; x_wconf 78' lang='lat' dir='ltr'>bellum.</span> <span class='ocrx_word' id='word_1_27' title='bbox 759 521 861 586; x_wconf 87' lang='lat' dir='ltr'>multa</span> <span class='ocrx_word' id='word_1_28' title='bbox 890 523 929 587; x_wconf 91' lang='lat' dir='ltr'>de</span> <span class='ocrx_word' id='word_1_29' title='bbox 957 525 1065 607; x_wconf 90' lang='lat' dir='ltr'>inper-</span> 
     </span>
     <span class='ocr_line' id='line_1_5' title="bbox 52 605 1063 691; baseline 0.003 -21"><span class='ocrx_word' id='word_1_30' title='bbox 52 605 145 670; x_wconf 82' lang='lat' dir='ltr'>sonuli</span> <span class='ocrx_word' id='word_1_31' title='bbox 165 606 263 670; x_wconf 91' lang='lat' dir='ltr'>modo</span> <span class='ocrx_word' id='word_1_32' title='bbox 286 605 394 671; x_wconf 86' lang='lat' dir='ltr'>dixere</span> <span class='ocrx_word' id='word_1_33' title='bbox 422 609 562 688; x_wconf 88' lang='lat' dir='ltr'>ueteres,</span> <span class='ocrx_word' id='word_1_34' title='bbox 586 627 625 670; x_wconf 87' lang='lat' dir='ltr'>ex</span> <span class='ocrx_word' id='word_1_35' title='bbox 647 606 762 689; x_wconf 88' lang='lat' dir='ltr'>quibus</span> <span class='ocrx_word' id='word_1_36' title='bbox 784 628 887 691; x_wconf 82' lang='lat' dir='ltr'>pauca</span> <span class='ocrx_word' id='word_1_37' title='bbox 907 629 1063 691; x_wconf 79' lang='lat' dir='ltr'><strong>promam.</strong></span> 
     </span>
    </p>

    <p class='ocr_par' dir='ltr' id='par_1_3' title="bbox 10 689 1102 1970">
     <span class='ocr_line' id='line_1_6' title="bbox 10 689 1090 775; baseline 0.003 -26"><span class='ocrx_word' id='word_1_38' title='bbox 10 742 12 749; x_wconf 93' lang='lat'><em>.</em></span> <span class='ocrx_word' id='word_1_39' title='bbox 54 690 143 755; x_wconf 84' lang='lat' dir='ltr'>multa</span> <span class='ocrx_word' id='word_1_40' title='bbox 168 690 271 756; x_wconf 88' lang='lat' dir='ltr'>uerba</span> <span class='ocrx_word' id='word_1_41' title='bbox 302 695 379 756; x_wconf 90' lang='lat' dir='ltr'>sunt</span> <span class='ocrx_word' id='word_1_42' title='bbox 405 689 634 775; x_wconf 82' lang='lat' dir='ltr'>impersonalia,</span> <span class='ocrx_word' id='word_1_43' title='bbox 664 711 746 774; x_wconf 87' lang='lat' dir='ltr'>quae</span> <span class='ocrx_word' id='word_1_44' title='bbox 772 692 807 755; x_wconf 90' lang='lat' dir='ltr'>in</span> <span class='ocrx_word' id='word_1_45' title='bbox 835 693 862 756; x_wconf 79' lang='lat' dir='ltr'>it</span> <span class='ocrx_word' id='word_1_46' title='bbox 889 697 1006 757; x_wconf 84' lang='lat' dir='ltr'>exeunt</span> <span class='ocrx_word' id='word_1_47' title='bbox 1028 698 1090 758; x_wconf 73' lang='lat' dir='ltr'>uta</span> 
     </span>
     <span class='ocr_line' id='line_1_7' title="bbox 57 774 1063 861; baseline 0.002 -21"><span class='ocrx_word' id='word_1_48' title='bbox 57 776 145 840; x_wconf 65' lang='lat' dir='ltr'>werdt</span> <span class='ocrx_word' id='word_1_49' title='bbox 170 776 289 842; x_wconf 70' lang='lat' dir='ltr'>accidit</span> <span class='ocrx_word' id='word_1_50' title='bbox 314 777 473 860; x_wconf 59' lang='lat' dir='ltr'>continuit.</span> <span class='ocrx_word' id='word_1_51' title='bbox 517 775 573 839; x_wconf 91' lang='lat' dir='ltr'>sed</span> <span class='ocrx_word' id='word_1_52' title='bbox 600 774 742 840; x_wconf 81' lang='lat' dir='ltr'>haecne</span> <span class='ocrx_word' id='word_1_53' title='bbox 765 775 836 859; x_wconf 89' lang='lat' dir='ltr'>quis</span> <span class='ocrx_word' id='word_1_54' title='bbox 858 778 971 842; x_wconf 83' lang='lat' dir='ltr'>tertiae</span> <span class='ocrx_word' id='word_1_55' title='bbox 994 800 1063 861; x_wconf 90' lang='lat' dir='ltr'>per·</span> 
     </span>
     <span class='ocr_line' id='line_1_8' title="bbox 59 859 1063 1028; baseline 0.002 -20"><span class='ocrx_word' id='word_1_56' title='bbox 59 878 153 1008; x_wconf 65' lang='lat' dir='ltr'>ttt</span> <span class='ocrx_word' id='word_1_57' title='bbox 170 860 538 1028; x_wconf 55' lang='lat' dir='ltr'>tietbaldum</span> <span class='ocrx_word' id='word_1_58' title='bbox 561 859 646 1008; x_wconf 66' lang='lat' dir='ltr'>td</span> <span class='ocrx_word' id='word_1_59' title='bbox 665 859 1063 1028; x_wconf 53' lang='lat' dir='ltr'>qqilimaiffldilllld</span> 
     </span>
     <span class='ocr_line' id='line_1_9' title="bbox 62 990 1095 1114; baseline 0.004 -23"><span class='ocrx_word' id='word_1_60' title='bbox 62 1024 183 1092; x_wconf 79' lang='lat' dir='ltr'>bendum</span> <span class='ocrx_word' id='word_1_61' title='bbox 204 1032 332 1112; x_wconf 86' lang='lat' dir='ltr'>putant.</span> <span class='ocrx_word' id='word_1_62' title='bbox 376 1031 482 1096; x_wconf 70' lang='lat' dir='ltr'>occido</span> <span class='ocrx_word' id='word_1_63' title='bbox 504 990 646 1111; x_wconf 68' lang='lat' dir='ltr'>obntboqo</span> <span class='ocrx_word' id='word_1_64' title='bbox 669 1029 777 1094; x_wconf 70' lang='lat' dir='ltr'>euentu</span> <span class='ocrx_word' id='word_1_65' title='bbox 799 1031 898 1094; x_wconf 87' lang='lat' dir='ltr'>uerba</span> <span class='ocrx_word' id='word_1_66' title='bbox 918 1030 1063 1114; x_wconf 88' lang='lat' dir='ltr'>plenaria</span> <span class='ocrx_word' id='word_1_67' title='bbox 1092 1044 1095 1050; x_wconf 87' lang='lat'>&#39;</span> 
     </span>
     <span class='ocr_line' id='line_1_10' title="bbox 65 1112 1102 1199; baseline 0.001 -23"><span class='ocrx_word' id='word_1_68' title='bbox 65 1116 131 1177; x_wconf 80' lang='lat' dir='ltr'>eunt</span> <span class='ocrx_word' id='word_1_69' title='bbox 171 1113 252 1178; x_wconf 87' lang='lat' dir='ltr'>haee</span> <span class='ocrx_word' id='word_1_70' title='bbox 279 1116 388 1179; x_wconf 88' lang='lat' dir='ltr'>autem</span> <span class='ocrx_word' id='word_1_71' title='bbox 415 1112 648 1198; x_wconf 78' lang='lat' dir='ltr'>impersonalia,</span> <span class='ocrx_word' id='word_1_72' title='bbox 681 1115 824 1197; x_wconf 87' lang='lat' dir='ltr'>quaein</span> <span class='ocrx_word' id='word_1_73' title='bbox 854 1116 880 1180; x_wconf 78' lang='lat' dir='ltr'>it</span> <span class='ocrx_word' id='word_1_74' title='bbox 905 1116 1062 1199; x_wconf 81' lang='lat' dir='ltr'>syllabam</span> <span class='ocrx_word' id='word_1_75' title='bbox 1077 1137 1102 1177; x_wconf 80' lang='grc' dir='ltr'>ιο</span> 
     </span>
     <span class='ocr_line' id='line_1_11' title="bbox 67 1196 1063 1280; baseline 0.006 -22"><span class='ocrx_word' id='word_1_76' title='bbox 67 1196 133 1261; x_wconf 80' lang='lat' dir='ltr'>exire</span> <span class='ocrx_word' id='word_1_77' title='bbox 146 1197 295 1280; x_wconf 81' lang='lat' dir='ltr'><strong>diximus,</strong></span> <span class='ocrx_word' id='word_1_78' title='bbox 319 1198 464 1263; x_wconf 84' lang='lat' dir='ltr'>datiuum</span> <span class='ocrx_word' id='word_1_79' title='bbox 478 1219 602 1264; x_wconf 78' lang='lat' dir='ltr'>cassum</span> <span class='ocrx_word' id='word_1_80' title='bbox 618 1196 791 1262; x_wconf 79' lang='lat' dir='ltr'>adsumunt</span> <span class='ocrx_word' id='word_1_81' title='bbox 805 1203 841 1263; x_wconf 88' lang='lat' dir='ltr'>ut</span> <span class='ocrx_word' id='word_1_82' title='bbox 856 1202 970 1266; x_wconf 75' lang='lat' dir='ltr'>oceidit</span> <span class='ocrx_word' id='word_1_83' title='bbox 983 1201 1063 1266; x_wconf 65' lang='lat' dir='ltr'>mitt</span> 
     </span>
     <span class='ocr_line' id='line_1_12' title="bbox 66 1279 1061 1369; baseline 0.003 -24"><span class='ocrx_word' id='word_1_84' title='bbox 66 1279 120 1363; x_wconf 79' lang='lat' dir='ltr'>tbi,</span> <span class='ocrx_word' id='word_1_85' title='bbox 146 1282 202 1348; x_wconf 69' lang='lat' dir='ltr'>uli.</span> <span class='ocrx_word' id='word_1_86' title='bbox 248 1286 327 1347; x_wconf 89' lang='lat' dir='ltr'>sunt</span> <span class='ocrx_word' id='word_1_87' title='bbox 347 1283 578 1368; x_wconf 82' lang='lat' dir='ltr'>impersonalia,</span> <span class='ocrx_word' id='word_1_88' title='bbox 607 1303 689 1366; x_wconf 87' lang='lat' dir='ltr'>quae</span> <span class='ocrx_word' id='word_1_89' title='bbox 711 1282 746 1346; x_wconf 88' lang='lat' dir='ltr'>iu</span> <span class='ocrx_word' id='word_1_90' title='bbox 767 1288 796 1348; x_wconf 83' lang='lat' dir='ltr'>et</span> <span class='ocrx_word' id='word_1_91' title='bbox 818 1288 950 1368; x_wconf 87' lang='lat' dir='ltr'>exeunt,</span> <span class='ocrx_word' id='word_1_92' title='bbox 980 1306 1061 1369; x_wconf 87' lang='lat' dir='ltr'>quae</span> 
     </span>
     <span class='ocr_line' id='line_1_13' title="bbox 66 1367 1062 1452; baseline 0.005 -23"><span class='ocrx_word' id='word_1_93' title='bbox 66 1369 156 1430; x_wconf 82' lang='lat' dir='ltr'>tumen</span> <span class='ocrx_word' id='word_1_94' title='bbox 178 1388 246 1432; x_wconf 86' lang='lat' dir='ltr'>non</span> <span class='ocrx_word' id='word_1_95' title='bbox 267 1368 363 1433; x_wconf 85' lang='lat' dir='ltr'>unius</span> <span class='ocrx_word' id='word_1_96' title='bbox 384 1368 514 1452; x_wconf 82' lang='lat' dir='ltr'>regulae</span> <span class='ocrx_word' id='word_1_97' title='bbox 536 1369 621 1434; x_wconf 89' lang='lat' dir='ltr'>sunt.</span> <span class='ocrx_word' id='word_1_98' title='bbox 663 1367 820 1450; x_wconf 82' lang='lat' dir='ltr'>quaedam</span> <span class='ocrx_word' id='word_1_99' title='bbox 843 1369 929 1433; x_wconf 90' lang='lat' dir='ltr'>enim</span> <span class='ocrx_word' id='word_1_100' title='bbox 952 1390 1062 1434; x_wconf 91' lang='lat' dir='ltr'>eorum</span> 
     </span>
     <span class='ocr_line' id='line_1_14' title="bbox 68 1452 1060 1536; baseline 0.006 -25"><span class='ocrx_word' id='word_1_101' title='bbox 68 1466 158 1517; x_wconf 83' lang='lat' dir='ltr'>essse</span> <span class='ocrx_word' id='word_1_102' title='bbox 178 1452 317 1517; x_wconf 88' lang='lat' dir='ltr'>ueniunt</span> <span class='ocrx_word' id='word_1_103' title='bbox 336 1455 374 1517; x_wconf 90' lang='lat' dir='ltr'>ut</span> <span class='ocrx_word' id='word_1_104' title='bbox 395 1457 513 1536; x_wconf 76' lang='lat' dir='ltr'>oportet</span> <span class='ocrx_word' id='word_1_105' title='bbox 527 1452 627 1534; x_wconf 77' lang='lat' dir='ltr'>pudet</span> <span class='ocrx_word' id='word_1_106' title='bbox 648 1453 749 1517; x_wconf 78' lang='lat' dir='ltr'>toedet</span> <span class='ocrx_word' id='word_1_107' title='bbox 765 1454 904 1534; x_wconf 77' lang='lat' dir='ltr'>poenitet</span> <span class='ocrx_word' id='word_1_108' title='bbox 924 1455 1006 1520; x_wconf 78' lang='lat' dir='ltr'>decet</span> <span class='ocrx_word' id='word_1_109' title='bbox 1028 1457 1060 1518; x_wconf 88' lang='lat' dir='ltr'>et</span> 
     </span>
     <span class='ocr_line' id='line_1_15' title="bbox 68 1531 1100 1621; baseline 0.001 -24"><span class='ocrx_word' id='word_1_110' title='bbox 68 1531 181 1619; x_wconf 82' lang='lat' dir='ltr'>reliqua,</span> <span class='ocrx_word' id='word_1_111' title='bbox 210 1537 358 1621; x_wconf 84' lang='lat' dir='ltr'>quamuis</span> <span class='ocrx_word' id='word_1_112' title='bbox 385 1537 538 1620; x_wconf 87' lang='lat' dir='ltr'>quosdam</span> <span class='ocrx_word' id='word_1_113' title='bbox 560 1535 715 1600; x_wconf 77' lang='lat' dir='ltr'>audierim</span> <span class='ocrx_word' id='word_1_114' title='bbox 737 1536 913 1602; x_wconf 84' lang='lat' dir='ltr'>affirmasse</span> <span class='ocrx_word' id='word_1_115' title='bbox 935 1539 1061 1604; x_wconf 90' lang='lat' dir='ltr'>nullum</span> <span class='ocrx_word' id='word_1_116' title='bbox 1076 1557 1100 1598; x_wconf 86' lang='lat'>15</span> 
     </span>
     <span class='ocr_line' id='line_1_16' title="bbox 69 1619 1061 1705; baseline 0.008 -25"><span class='ocrx_word' id='word_1_117' title='bbox 69 1619 180 1686; x_wconf 85' lang='lat' dir='ltr'>uerbum</span> <span class='ocrx_word' id='word_1_118' title='bbox 192 1621 399 1705; x_wconf 73' lang='lat' dir='ltr'>impersonale</span> <span class='ocrx_word' id='word_1_119' title='bbox 414 1642 433 1685; x_wconf 85' lang='lat' dir='ltr'>a</span> <span class='ocrx_word' id='word_1_120' title='bbox 447 1642 481 1686; x_wconf 88' lang='lat' dir='ltr'>se</span> <span class='ocrx_word' id='word_1_121' title='bbox 495 1620 585 1686; x_wconf 87' lang='lat' dir='ltr'>nasei</span> <span class='ocrx_word' id='word_1_122' title='bbox 600 1619 711 1701; x_wconf 88' lang='lat' dir='ltr'>solere,</span> <span class='ocrx_word' id='word_1_123' title='bbox 727 1620 783 1685; x_wconf 93' lang='lat' dir='ltr'>sed</span> <span class='ocrx_word' id='word_1_124' title='bbox 798 1643 837 1685; x_wconf 89' lang='lat' dir='ltr'>ex</span> <span class='ocrx_word' id='word_1_125' title='bbox 853 1621 925 1686; x_wconf 87' lang='lat' dir='ltr'>aliis</span> <span class='ocrx_word' id='word_1_126' title='bbox 938 1625 975 1687; x_wconf 89' lang='lat' dir='ltr'>ut</span> <span class='ocrx_word' id='word_1_127' title='bbox 983 1645 1061 1705; x_wconf 73' lang='lat' dir='ltr'>poe·</span> 
     </span>
     <span class='ocr_line' id='line_1_17' title="bbox 52 1703 1061 1789; baseline 0 -20"><span class='ocrx_word' id='word_1_128' title='bbox 52 1703 130 1769; x_wconf 62' lang='lat' dir='ltr'>nito</span> <span class='ocrx_word' id='word_1_129' title='bbox 153 1707 402 1789; x_wconf 74' lang='lat' dir='ltr'>taedeooporteo</span> <span class='ocrx_word' id='word_1_130' title='bbox 424 1705 612 1789; x_wconf 87' lang='lat' dir='ltr'>etreliqua.</span> <span class='ocrx_word' id='word_1_131' title='bbox 656 1708 836 1770; x_wconf 86' lang='lat' dir='ltr'>esttamen</span> <span class='ocrx_word' id='word_1_132' title='bbox 858 1707 991 1770; x_wconf 88' lang='lat' dir='ltr'>uerbum</span> <span class='ocrx_word' id='word_1_133' title='bbox 1013 1708 1061 1769; x_wconf 89' lang='lat' dir='ltr'>in-</span> 
     </span>
     <span class='ocr_line' id='line_1_18' title="bbox 67 1789 1061 1874; baseline 0 -20"><span class='ocrx_word' id='word_1_134' title='bbox 67 1791 229 1868; x_wconf 79' lang='lat' dir='ltr'>personale,</span> <span class='ocrx_word' id='word_1_135' title='bbox 259 1789 345 1874; x_wconf 91' lang='lat' dir='ltr'>quod</span> <span class='ocrx_word' id='word_1_136' title='bbox 372 1790 549 1855; x_wconf 76' lang='lat' dir='ltr'>certissime</span> <span class='ocrx_word' id='word_1_137' title='bbox 577 1811 620 1854; x_wconf 87' lang='lat' dir='ltr'>ex</span> <span class='ocrx_word' id='word_1_138' title='bbox 647 1790 711 1853; x_wconf 88' lang='lat' dir='ltr'>alio</span> <span class='ocrx_word' id='word_1_139' title='bbox 733 1790 877 1853; x_wconf 81' lang='lat' dir='ltr'>nascitur</span> <span class='ocrx_word' id='word_1_140' title='bbox 899 1793 935 1854; x_wconf 93' lang='lat' dir='ltr'>ut</span> <span class='ocrx_word' id='word_1_141' title='bbox 956 1791 1061 1854; x_wconf 77' lang='lat' dir='ltr'>misse·</span> 
     </span>
     <span class='ocr_line' id='line_1_19' title="bbox 67 1875 1061 1970; baseline 0.002 -34"><span class='ocrx_word' id='word_1_142' title='bbox 67 1890 120 1936; x_wconf 79' lang='lat' dir='ltr'>reor</span> <span class='ocrx_word' id='word_1_143' title='bbox 141 1875 295 1957; x_wconf 73' lang='lat' dir='ltr'>miseeret,</span> <span class='ocrx_word' id='word_1_144' title='bbox 322 1875 413 1958; x_wconf 82' lang='lat' dir='ltr'>quod</span> <span class='ocrx_word' id='word_1_145' title='bbox 439 1875 573 1940; x_wconf 91' lang='lat' dir='ltr'>uerbum</span> <span class='ocrx_word' id='word_1_146' title='bbox 603 1875 810 1957; x_wconf 86' lang='lat' dir='ltr'>praeteritum</span> <span class='ocrx_word' id='word_1_147' title='bbox 838 1877 964 1970; x_wconf 79' lang='lat' dir='ltr'>tempus</span> <span class='ocrx_word' id='word_1_148' title='bbox 992 1895 1061 1938; x_wconf 91' lang='lat' dir='ltr'>non</span> 
     </span>
    </p>
   </div>
   <div class='ocr_carea' id='block_1_3' title="bbox 10 1951 1145 2382">
    <p class='ocr_par' dir='ltr' id='par_1_4' title="bbox 65 1951 1099 2130">
     <span class='ocr_line' id='line_1_20' title="bbox 66 1951 1099 2041; baseline 0.001 -21"><span class='ocrx_word' id='word_1_149' title='bbox 66 1951 152 2023; x_wconf 80' lang='lat' dir='ltr'>babet.</span> <span class='ocrx_word' id='word_1_150' title='bbox 196 1961 276 2023; x_wconf 86' lang='lat' dir='ltr'>sunt</span> <span class='ocrx_word' id='word_1_151' title='bbox 307 1958 405 2024; x_wconf 85' lang='lat' dir='ltr'>uerba</span> <span class='ocrx_word' id='word_1_152' title='bbox 454 1982 512 2024; x_wconf 80' lang='lat' dir='ltr'>uae</span> <span class='ocrx_word' id='word_1_153' title='bbox 539 1963 647 2024; x_wconf 85' lang='lat' dir='ltr'>utrum</span> <span class='ocrx_word' id='word_1_154' title='bbox 674 1957 894 2041; x_wconf 85' lang='lat' dir='ltr'>inpersonaha</span> <span class='ocrx_word' id='word_1_155' title='bbox 921 1979 962 2021; x_wconf 92' lang='lat' dir='ltr'>an</span> <span class='ocrx_word' id='word_1_156' title='bbox 991 1980 1061 2041; x_wconf 89' lang='lat' dir='ltr'>per·</span> <span class='ocrx_word' id='word_1_157' title='bbox 1074 1983 1099 2021; x_wconf 77' lang='lat' dir='ltr'>no</span> 
     </span>
     <span class='ocr_line' id='line_1_21' title="bbox 65 1981 1061 2130; baseline 0.003 -26"><span class='ocrx_word' id='word_1_158' title='bbox 65 2042 169 2107; x_wconf 80' lang='lat' dir='ltr'>sonaba</span> <span class='ocrx_word' id='word_1_159' title='bbox 183 2043 262 2126; x_wconf 86' lang='lat' dir='ltr'>sint,</span> <span class='ocrx_word' id='word_1_160' title='bbox 285 2043 380 2109; x_wconf 82' lang='lat' dir='ltr'>leutio</span> <span class='ocrx_word' id='word_1_161' title='bbox 396 1981 466 2109; x_wconf 80' lang='lat' dir='ltr'>sola</span> <span class='ocrx_word' id='word_1_162' title='bbox 482 2044 692 2124; x_wconf 85' lang='lat' dir='ltr'>demonstrat,</span> <span class='ocrx_word' id='word_1_163' title='bbox 708 2063 784 2130; x_wconf 88' lang='lat' dir='ltr'>nam</span> <span class='ocrx_word' id='word_1_164' title='bbox 799 2043 946 2127; x_wconf 86' lang='lat' dir='ltr'>geminae</span> <span class='ocrx_word' id='word_1_165' title='bbox 962 2043 1061 2128; x_wconf 82' lang='lat' dir='ltr'>signi·</span> 
     </span>
    </p>

    <p class='ocr_par' dir='ltr' id='par_1_5' title="bbox 10 2121 1145 2382">
     <span class='ocr_line' id='line_1_22' title="bbox 10 2121 1061 2212; baseline 0.003 -22"><span class='ocrx_word' id='word_1_166' title='bbox 10 2136 14 2157; x_wconf 75' lang='lat'><strong>³</strong></span> <span class='ocrx_word' id='word_1_167' title='bbox 64 2121 202 2192; x_wconf 81' lang='lat' dir='ltr'>bontionis</span> <span class='ocrx_word' id='word_1_168' title='bbox 225 2148 295 2192; x_wconf 86' lang='lat' dir='ltr'>esse</span> <span class='ocrx_word' id='word_1_169' title='bbox 317 2131 496 2193; x_wconf 82' lang='lat' dir='ltr'>noscuntur</span> <span class='ocrx_word' id='word_1_170' title='bbox 516 2133 553 2194; x_wconf 90' lang='lat' dir='ltr'>ut</span> <span class='ocrx_word' id='word_1_171' title='bbox 567 2127 792 2212; x_wconf 79' lang='lat' dir='ltr'>placet-claret</span> <span class='ocrx_word' id='word_1_172' title='bbox 813 2128 954 2210; x_wconf 78' lang='lat' dir='ltr'>displicet</span> <span class='ocrx_word' id='word_1_173' title='bbox 962 2132 1061 2212; x_wconf 75' lang='lat' dir='ltr'>putet.</span> 
     </span>
     <span class='ocr_line' id='line_1_23' title="bbox 63 2212 1145 2297; baseline -0.002 -23"><span class='ocrx_word' id='word_1_174' title='bbox 63 2212 100 2273; x_wconf 72' lang='lat' dir='ltr'>st</span> <span class='ocrx_word' id='word_1_175' title='bbox 118 2212 202 2276; x_wconf 87' lang='lat' dir='ltr'>enim</span> <span class='ocrx_word' id='word_1_176' title='bbox 218 2212 330 2296; x_wconf 78' lang='lat' dir='ltr'>placeo</span> <span class='ocrx_word' id='word_1_177' title='bbox 338 2213 448 2296; x_wconf 77' lang='lat' dir='ltr'>plores</span> <span class='ocrx_word' id='word_1_178' title='bbox 456 2213 562 2295; x_wconf 73' lang='lat' dir='ltr'>placet</span> <span class='ocrx_word' id='word_1_179' title='bbox 576 2216 609 2277; x_wconf 88' lang='lat' dir='ltr'>ot</span> <span class='ocrx_word' id='word_1_180' title='bbox 624 2212 670 2276; x_wconf 89' lang='lat' dir='ltr'>sie</span> <span class='ocrx_word' id='word_1_181' title='bbox 685 2213 786 2277; x_wconf 78' lang='lat' dir='ltr'>clareo</span> <span class='ocrx_word' id='word_1_182' title='bbox 801 2213 946 2296; x_wconf 74' lang='lat' dir='ltr'>displiceo</span> <span class='ocrx_word' id='word_1_183' title='bbox 956 2218 1060 2297; x_wconf 76' lang='lat' dir='ltr'>poteo.</span> <span class='ocrx_word' id='word_1_184' title='bbox 1142 2266 1145 2272; x_wconf 91' lang='lat'>.</span> 
     </span>
     <span class='ocr_line' id='line_1_24' title="bbox 61 2293 1061 2382; baseline 0.005 -25"><span class='ocrx_word' id='word_1_185' title='bbox 61 2293 176 2382; x_wconf 78' lang='lat' dir='ltr'>netgo</span> <span class='ocrx_word' id='word_1_186' title='bbox 204 2297 284 2362; x_wconf 85' lang='lat' dir='ltr'>haee</span> <span class='ocrx_word' id='word_1_187' title='bbox 311 2297 549 2362; x_wconf 87' lang='lat' dir='ltr'>nominatiuum</span> <span class='ocrx_word' id='word_1_188' title='bbox 579 2318 704 2362; x_wconf 86' lang='lat' dir='ltr'>cassum</span> <span class='ocrx_word' id='word_1_189' title='bbox 726 2296 928 2377; x_wconf 86' lang='lat' dir='ltr'>admiserint,</span> <span class='ocrx_word' id='word_1_190' title='bbox 957 2300 1061 2362; x_wconf 88' lang='lat' dir='ltr'>mani·</span> 
     </span>
    </p>
   </div>
   <div class='ocr_carea' id='block_1_4' title="bbox 59 2414 248 2429">
    <p class='ocr_par' dir='ltr' id='par_1_6' title="bbox 59 2414 248 2429">
     <span class='ocr_line' id='line_1_25' title="bbox 59 2414 248 2429; baseline -0.005 -1"><span class='ocrx_word' id='word_1_191' title='bbox 59 2414 248 2429; x_wconf 44' lang='lat'>*-</span> 
     </span>
    </p>
   </div>
   <div class='ocr_carea' id='block_1_5' title="bbox 50 2481 1061 2888">
    <p class='ocr_par' dir='ltr' id='par_1_7' title="bbox 50 2481 1061 2888">
     <span class='ocr_line' id='line_1_26' title="bbox 110 2481 1060 2551; baseline 0.001 -16"><span class='ocrx_word' id='word_1_192' title='bbox 110 2486 134 2537; x_wconf 82' lang='lat'>5.</span> <span class='ocrx_word' id='word_1_193' title='bbox 145 2481 218 2539; x_wconf 69' lang='lat' dir='ltr'>Far.</span> <span class='ocrx_word' id='word_1_194' title='bbox 230 2481 323 2538; x_wconf 76' lang='lat' dir='ltr'>Nune.</span> <span class='ocrx_word' id='word_1_195' title='bbox 332 2495 361 2550; x_wconf 75' lang='lat' dir='ltr'>p.</span> <span class='ocrx_word' id='word_1_196' title='bbox 373 2483 422 2536; x_wconf 77' lang='lat'>21:</span> <span class='ocrx_word' id='word_1_197' title='bbox 440 2481 532 2536; x_wconf 87' lang='lat' dir='ltr'>Multa</span> <span class='ocrx_word' id='word_1_198' title='bbox 543 2482 609 2536; x_wconf 87' lang='lat' dir='ltr'>sunt</span> <span class='ocrx_word' id='word_1_199' title='bbox 619 2482 810 2551; x_wconf 81' lang='lat' dir='ltr'>impersonalia</span> <span class='ocrx_word' id='word_1_200' title='bbox 823 2498 850 2534; x_wconf 91' lang='lat' dir='ltr'>v.</span> <span class='ocrx_word' id='word_1_201' title='bbox 865 2511 896 2520; x_wconf 92' lang='lat'><em>-</em></span> <span class='ocrx_word' id='word_1_202' title='bbox 909 2481 980 2534; x_wconf 81' lang='lat' dir='ltr'>seint</span> <span class='ocrx_word' id='word_1_203' title='bbox 991 2481 1060 2550; x_wconf 87' lang='lat' dir='ltr'>quia</span> 
     </span>
     <span class='ocr_line' id='line_1_27' title="bbox 55 2547 1060 2619; baseline 0 -16"><span class='ocrx_word' id='word_1_204' title='bbox 55 2550 195 2618; x_wconf 80' lang='lat' dir='ltr'>-putant</span> <span class='ocrx_word' id='word_1_205' title='bbox 213 2547 310 2602; x_wconf 87' lang='lat' dir='ltr'>aooido</span> <span class='ocrx_word' id='word_1_206' title='bbox 322 2578 355 2588; x_wconf 94' lang='lat'><em>-</em></span> <span class='ocrx_word' id='word_1_207' title='bbox 369 2548 468 2603; x_wconf 86' lang='lat' dir='ltr'>evenio</span> <span class='ocrx_word' id='word_1_208' title='bbox 486 2549 614 2619; x_wconf 84' lang='lat' dir='ltr'>plenaria</span> <span class='ocrx_word' id='word_1_209' title='bbox 630 2548 717 2603; x_wconf 87' lang='lat' dir='ltr'>verba</span> <span class='ocrx_word' id='word_1_210' title='bbox 730 2550 798 2603; x_wconf 89' lang='lat' dir='ltr'>-it</span> <span class='ocrx_word' id='word_1_211' title='bbox 816 2550 921 2603; x_wconf 87' lang='lat' dir='ltr'>exeunt</span> <span class='ocrx_word' id='word_1_212' title='bbox 933 2548 1060 2603; x_wconf 83' lang='lat' dir='ltr'>dativum</span> 
     </span>
     <span class='ocr_line' id='line_1_28' title="bbox 54 2615 1061 2687; baseline 0 -18"><span class='ocrx_word' id='word_1_213' title='bbox 54 2629 137 2669; x_wconf 81' lang='lat' dir='ltr'>casnm</span> <span class='ocrx_word' id='word_1_214' title='bbox 160 2647 194 2657; x_wconf 97' lang='lat'>-</span> <span class='ocrx_word' id='word_1_215' title='bbox 217 2617 284 2670; x_wconf 89' lang='lat' dir='ltr'>sunt</span> <span class='ocrx_word' id='word_1_216' title='bbox 306 2615 393 2670; x_wconf 85' lang='lat' dir='ltr'>verba</span> <span class='ocrx_word' id='word_1_217' title='bbox 417 2616 607 2686; x_wconf 84' lang='lat' dir='ltr'>inpersonalia</span> <span class='ocrx_word' id='word_1_218' title='bbox 629 2647 661 2655; x_wconf 93' lang='lat'><em>-</em></span> <span class='ocrx_word' id='word_1_219' title='bbox 684 2632 701 2670; x_wconf 86' lang='lat' dir='ltr'>a</span> <span class='ocrx_word' id='word_1_220' title='bbox 724 2633 754 2672; x_wconf 86' lang='lat' dir='ltr'>se</span> <span class='ocrx_word' id='word_1_221' title='bbox 777 2647 809 2656; x_wconf 94' lang='lat'>-—</span> <span class='ocrx_word' id='word_1_222' title='bbox 832 2616 919 2671; x_wconf 84' lang='lat' dir='ltr'>taedet</span> <span class='ocrx_word' id='word_1_223' title='bbox 944 2619 1061 2687; x_wconf 78' lang='lat' dir='ltr'>paenitet</span> 
     </span>
     <span class='ocr_line' id='line_1_29' title="bbox 53 2682 1061 2753; baseline -0.001 -15"><span class='ocrx_word' id='word_1_224' title='bbox 53 2683 169 2753; x_wconf 65' lang='lat' dir='ltr'>(moer)</span> <span class='ocrx_word' id='word_1_225' title='bbox 192 2682 278 2737; x_wconf 83' lang='lat' dir='ltr'>decet</span> <span class='ocrx_word' id='word_1_226' title='bbox 299 2685 428 2752; x_wconf 84' lang='lat' dir='ltr'>quamvis</span> <span class='ocrx_word' id='word_1_227' title='bbox 445 2713 479 2723; x_wconf 89' lang='lat'>-</span> <span class='ocrx_word' id='word_1_228' title='bbox 496 2685 525 2738; x_wconf 86' lang='lat' dir='ltr'>et</span> <span class='ocrx_word' id='word_1_229' title='bbox 543 2685 645 2738; x_wconf 83' lang='lat' dir='ltr'>oaetera</span> <span class='ocrx_word' id='word_1_230' title='bbox 662 2713 695 2722; x_wconf 93' lang='lat'><em>-</em></span> <span class='ocrx_word' id='word_1_231' title='bbox 712 2685 846 2739; x_wconf 85' lang='lat' dir='ltr'>misereor</span> <span class='ocrx_word' id='word_1_232' title='bbox 863 2686 978 2739; x_wconf 75' lang='lat' dir='ltr'>miseret</span> <span class='ocrx_word' id='word_1_233' title='bbox 994 2685 1061 2753; x_wconf 87' lang='lat' dir='ltr'>quia</span> 
     </span>
     <span class='ocr_line' id='line_1_30' title="bbox 51 2750 1060 2822; baseline 0 -16"><span class='ocrx_word' id='word_1_234' title='bbox 51 2778 78 2789; x_wconf 88' lang='lat'>-</span> <span class='ocrx_word' id='word_1_235' title='bbox 91 2750 255 2821; x_wconf 79' lang='lat' dir='ltr'>personalia</span> <span class='ocrx_word' id='word_1_236' title='bbox 271 2750 356 2805; x_wconf 82' lang='lat' dir='ltr'>lectio</span> <span class='ocrx_word' id='word_1_237' title='bbox 374 2782 408 2792; x_wconf 91' lang='lat'><em>-</em></span> <span class='ocrx_word' id='word_1_238' title='bbox 426 2750 552 2806; x_wconf 80' lang='lat' dir='ltr'>declarat</span> <span class='ocrx_word' id='word_1_239' title='bbox 569 2782 602 2790; x_wconf 90' lang='lat'><em>-</em></span> <span class='ocrx_word' id='word_1_240' title='bbox 619 2750 715 2820; x_wconf 76' lang='lat' dir='ltr'>placet</span> <span class='ocrx_word' id='word_1_241' title='bbox 732 2752 858 2822; x_wconf 75' lang='lat' dir='ltr'>placeret</span> <span class='ocrx_word' id='word_1_242' title='bbox 874 2783 907 2792; x_wconf 93' lang='lat'><em>-</em></span> <span class='ocrx_word' id='word_1_243' title='bbox 920 2768 1015 2806; x_wconf 80' lang='lat' dir='ltr'>casum</span> <span class='ocrx_word' id='word_1_244' title='bbox 1027 2783 1060 2791; x_wconf 94' lang='lat'><em>-</em></span> 
     </span>
     <span class='ocr_line' id='line_1_31' title="bbox 50 2815 1058 2888; baseline -0.001 -16"><span class='ocrx_word' id='word_1_245' title='bbox 50 2815 193 2874; x_wconf 80' lang='lat' dir='ltr'>habuerint</span> <span class='ocrx_word' id='word_1_246' title='bbox 212 2834 297 2887; x_wconf 90' lang='lat' dir='ltr'>quem</span> <span class='ocrx_word' id='word_1_247' title='bbox 314 2817 470 2873; x_wconf 85' lang='lat' dir='ltr'>infinitivus</span> <span class='ocrx_word' id='word_1_248' title='bbox 487 2848 520 2859; x_wconf 87' lang='lat'><em>-</em></span> <span class='ocrx_word' id='word_1_249' title='bbox 538 2820 658 2888; x_wconf 84' lang='lat' dir='ltr'>apparet</span> <span class='ocrx_word' id='word_1_250' title='bbox 668 2818 857 2888; x_wconf 84' lang='lat' dir='ltr'>inpersonalia</span> <span class='ocrx_word' id='word_1_251' title='bbox 869 2851 902 2859; x_wconf 92' lang='lat'>-</span> <span class='ocrx_word' id='word_1_252' title='bbox 914 2822 1058 2888; x_wconf 85' lang='lat' dir='ltr'>sequente.</span> 
     </span>
    </p>
   </div>
   <div class='ocr_carea' id='block_1_6' title="bbox 45 2985 1060 3201">
    <p class='ocr_par' dir='ltr' id='par_1_8' title="bbox 45 2985 1060 3201">
     <span class='ocr_line' id='line_1_32' title="bbox 105 2985 1060 3056; baseline -0.007 -12"><span class='ocrx_word' id='word_1_253' title='bbox 105 2989 151 3044; x_wconf 80' lang='lat' dir='ltr'>af.</span> <span class='ocrx_word' id='word_1_254' title='bbox 170 2987 280 3042; x_wconf 82' lang='lat' dir='ltr'>adtnait</span> <span class='ocrx_word' id='word_1_255' title='bbox 296 2988 337 3054; x_wconf 93' lang='lat' dir='ltr'>P,</span> <span class='ocrx_word' id='word_1_256' title='bbox 360 2986 531 3056; x_wconf 63' lang='lat' dir='ltr'>attrahitffsss</span> <span class='ocrx_word' id='word_1_257' title='bbox 549 2986 580 3040; x_wconf 87' lang='lat' dir='ltr'>in</span> <span class='ocrx_word' id='word_1_258' title='bbox 596 2987 790 3042; x_wconf 83' lang='lat' dir='ltr'>testimonium</span> <span class='ocrx_word' id='word_1_259' title='bbox 807 2990 839 3040; x_wconf 88' lang='lat' dir='ltr'>ut</span> <span class='ocrx_word' id='word_1_260' title='bbox 856 2986 891 3040; x_wconf 89' lang='lat' dir='ltr'><strong><em>N</em></strong></span> <span class='ocrx_word' id='word_1_261' title='bbox 903 2987 913 3054; x_wconf 82' lang='grc' dir='ltr'>ΙΙ</span> <span class='ocrx_word' id='word_1_262' title='bbox 926 2985 970 3040; x_wconf 83' lang='lat' dir='ltr'>af.</span> <span class='ocrx_word' id='word_1_263' title='bbox 989 3001 1060 3038; x_wconf 87' lang='lat' dir='ltr'>uon-</span> 
     </span>
     <span class='ocr_line' id='line_1_33' title="bbox 46 3052 1059 3123; baseline -0.001 -14"><span class='ocrx_word' id='word_1_264' title='bbox 46 3057 109 3111; x_wconf 91' lang='lat' dir='ltr'>nnlli</span> <span class='ocrx_word' id='word_1_265' title='bbox 126 3056 222 3110; x_wconf 85' lang='lat' dir='ltr'>multa</span> <span class='ocrx_word' id='word_1_266' title='bbox 240 3054 338 3110; x_wconf 86' lang='lat' dir='ltr'>dixere</span> <span class='ocrx_word' id='word_1_267' title='bbox 350 3054 385 3109; x_wconf 91' lang='lat' dir='ltr'>de</span> <span class='ocrx_word' id='word_1_268' title='bbox 396 3055 415 3113; x_wconf 84' lang='lat' dir='ltr'>i.</span> <span class='ocrx_word' id='word_1_269' title='bbox 428 3072 464 3108; x_wconf 91' lang='lat' dir='ltr'>m.</span> <span class='ocrx_word' id='word_1_270' title='bbox 479 3070 514 3109; x_wconf 89' lang='lat' dir='ltr'>ex</span> <span class='ocrx_word' id='word_1_271' title='bbox 525 3055 559 3109; x_wconf 89' lang='lat' dir='ltr'><em>N</em></span> <span class='ocrx_word' id='word_1_272' title='bbox 567 3056 577 3123; x_wconf 85' lang='grc' dir='ltr'>ΙΙ</span> <span class='ocrx_word' id='word_1_273' title='bbox 590 3060 606 3108; x_wconf 83' lang='grc'>5</span> <span class='ocrx_word' id='word_1_274' title='bbox 618 3057 683 3110; x_wconf 87' lang='lat' dir='ltr'>sunt</span> <span class='ocrx_word' id='word_1_275' title='bbox 695 3071 768 3122; x_wconf 89' lang='lat' dir='ltr'>quae</span> <span class='ocrx_word' id='word_1_276' title='bbox 781 3057 811 3108; x_wconf 90' lang='lat' dir='ltr'>in</span> <span class='ocrx_word' id='word_1_277' title='bbox 822 3056 846 3107; x_wconf 89' lang='lat' dir='ltr'>it</span> <span class='ocrx_word' id='word_1_278' title='bbox 856 3053 961 3106; x_wconf 84' lang='lat' dir='ltr'>exeunt</span> <span class='ocrx_word' id='word_1_279' title='bbox 969 3052 1004 3106; x_wconf 90' lang='lat' dir='ltr'><strong><em>N</em></strong></span> <span class='ocrx_word' id='word_1_280' title='bbox 1010 3057 1059 3109; x_wconf 80' lang='lat' dir='ltr'>oet.</span> 
     </span>
     <span class='ocr_line' id='line_1_34' title="bbox 45 3119 1056 3201; baseline -0.008 -20"><span class='ocrx_word' id='word_1_281' title='bbox 45 3123 92 3180; x_wconf 77' lang='lat' dir='ltr'>das.</span> <span class='ocrx_word' id='word_1_282' title='bbox 108 3127 120 3194; x_wconf 69' lang='lat' dir='ltr'>l</span> <span class='ocrx_word' id='word_1_283' title='bbox 138 3129 155 3179; x_wconf 85' lang='lat'>6</span> <span class='ocrx_word' id='word_1_284' title='bbox 174 3121 299 3192; x_wconf 80' lang='lat' dir='ltr'>contigit</span> <span class='ocrx_word' id='word_1_285' title='bbox 319 3121 355 3177; x_wconf 93' lang='lat' dir='ltr'><strong><em>N</em></strong></span> <span class='ocrx_word' id='word_1_286' title='bbox 367 3123 378 3191; x_wconf 76' lang='grc' dir='ltr'>Ι</span> <span class='ocrx_word' id='word_1_287' title='bbox 395 3128 410 3177; x_wconf 82' lang='grc'><strong>7</strong></span> <span class='ocrx_word' id='word_1_288' title='bbox 429 3138 488 3177; x_wconf 83' lang='lat' dir='ltr'>esse</span> <span class='ocrx_word' id='word_1_289' title='bbox 511 3137 561 3176; x_wconf 88' lang='lat' dir='ltr'>om.</span> <span class='ocrx_word' id='word_1_290' title='bbox 580 3122 693 3191; x_wconf 70' lang='lat' dir='ltr'>N118f.</span> <span class='ocrx_word' id='word_1_291' title='bbox 712 3120 915 3201; x_wconf 74' lang='lat' dir='ltr'>lieet-putant</span> <span class='ocrx_word' id='word_1_292' title='bbox 932 3134 983 3174; x_wconf 87' lang='lat' dir='ltr'>om.</span> <span class='ocrx_word' id='word_1_293' title='bbox 1002 3119 1036 3173; x_wconf 92' lang='lat' dir='ltr'><strong><em>N</em></strong></span> <span class='ocrx_word' id='word_1_294' title='bbox 1043 3119 1056 3189; x_wconf 87' lang='grc'>11</span> 
     </span>
    </p>
   </div>
   <div class='ocr_carea' id='block_1_7' title="bbox 43 3207 1060 3500">
    <p class='ocr_par' dir='ltr' id='par_1_9' title="bbox 43 3207 1060 3500">
     <span class='ocr_line' id='line_1_35' title="bbox 44 3207 1060 3291; baseline -0.006 -12"><span class='ocrx_word' id='word_1_295' title='bbox 44 3225 196 3281; x_wconf 68' lang='lat' dir='ltr'>subvenio</span> <span class='ocrx_word' id='word_1_296' title='bbox 216 3222 275 3279; x_wconf 82' lang='grc' dir='ltr'>ΡΝ</span> <span class='ocrx_word' id='word_1_297' title='bbox 316 3229 348 3278; x_wconf 90' lang='lat'>10</span> <span class='ocrx_word' id='word_1_298' title='bbox 364 3222 435 3277; x_wconf 78' lang='lat' dir='ltr'>naec</span> <span class='ocrx_word' id='word_1_299' title='bbox 452 3238 477 3277; x_wconf 79' lang='lat' dir='ltr'>a.</span> <span class='ocrx_word' id='word_1_300' title='bbox 495 3223 514 3280; x_wconf 87' lang='lat' dir='ltr'>i.</span> <span class='ocrx_word' id='word_1_301' title='bbox 533 3237 584 3280; x_wconf 83' lang='lat' dir='ltr'>om.</span> <span class='ocrx_word' id='word_1_302' title='bbox 603 3222 637 3276; x_wconf 83' lang='lat' dir='ltr'><strong><em>N</em></strong></span> <span class='ocrx_word' id='word_1_303' title='bbox 650 3224 660 3291; x_wconf 79' lang='lat' dir='ltr'>n</span> <span class='ocrx_word' id='word_1_304' title='bbox 678 3228 707 3275; x_wconf 89' lang='lat'>11</span> <span class='ocrx_word' id='word_1_305' title='bbox 727 3223 756 3275; x_wconf 76' lang='lat' dir='ltr'>ee</span> <span class='ocrx_word' id='word_1_306' title='bbox 774 3207 871 3274; x_wconf 67' lang='lat' dir='ltr'>dativi</span> <span class='ocrx_word' id='word_1_307' title='bbox 888 3219 922 3273; x_wconf 85' lang='lat' dir='ltr'><strong><em>N</em></strong></span> <span class='ocrx_word' id='word_1_308' title='bbox 935 3220 945 3289; x_wconf 77' lang='lat' dir='ltr'>u</span> <span class='ocrx_word' id='word_1_309' title='bbox 959 3225 1060 3274; x_wconf 80' lang='lat'>12-14</span> 
     </span>
     <span class='ocr_line' id='line_1_36' title="bbox 44 3288 1057 3412; baseline -0.007 -64"><span class='ocrx_word' id='word_1_310' title='bbox 44 3306 110 3359; x_wconf 83' lang='lat' dir='ltr'>qnae</span> <span class='ocrx_word' id='word_1_311' title='bbox 127 3294 160 3347; x_wconf 91' lang='lat' dir='ltr'>in</span> <span class='ocrx_word' id='word_1_312' title='bbox 179 3292 217 3370; x_wconf 38' lang='lat' dir='ltr'>ot·</span> <span class='ocrx_word' id='word_1_313' title='bbox 227 3291 286 3412; x_wconf 55' lang='lat' dir='ltr'>[llll</span> <span class='ocrx_word' id='word_1_314' title='bbox 294 3290 341 3361; x_wconf 66' lang='lat' dir='ltr'>llll</span> <span class='ocrx_word' id='word_1_315' title='bbox 357 3305 431 3412; x_wconf 41' lang='lat' dir='ltr'>{uae</span> <span class='ocrx_word' id='word_1_316' title='bbox 449 3305 467 3343; x_wconf 84' lang='lat' dir='ltr'>a</span> <span class='ocrx_word' id='word_1_317' title='bbox 484 3305 545 3344; x_wconf 83' lang='lat' dir='ltr'>sese</span> <span class='ocrx_word' id='word_1_318' title='bbox 563 3290 598 3344; x_wconf 90' lang='lat' dir='ltr'><strong><em>N</em></strong></span> <span class='ocrx_word' id='word_1_319' title='bbox 605 3290 615 3359; x_wconf 72' lang='lat' dir='ltr'>l}</span> <span class='ocrx_word' id='word_1_320' title='bbox 629 3296 661 3344; x_wconf 84' lang='lat'>14</span> <span class='ocrx_word' id='word_1_321' title='bbox 677 3288 758 3342; x_wconf 90' lang='lat' dir='ltr'>tedet</span> <span class='ocrx_word' id='word_1_322' title='bbox 767 3289 884 3407; x_wconf 45' lang='lat' dir='ltr'>{renitet</span> <span class='ocrx_word' id='word_1_323' title='bbox 895 3288 1057 3365; x_wconf 61' lang='lat' dir='ltr'>Plermper)</span> 
     </span>
     <span class='ocr_line' id='line_1_37' title="bbox 45 3354 1059 3432; baseline -0.008 -15"><span class='ocrx_word' id='word_1_324' title='bbox 45 3359 55 3429; x_wconf 79' lang='lat' dir='ltr'>l!</span> <span class='ocrx_word' id='word_1_325' title='bbox 67 3366 168 3417; x_wconf 74' lang='lat'><em>14-1&#39;1</em></span> <span class='ocrx_word' id='word_1_326' title='bbox 187 3359 252 3414; x_wconf 77' lang='lat' dir='ltr'>diae</span> <span class='ocrx_word' id='word_1_327' title='bbox 284 3360 327 3412; x_wconf 85' lang='lat' dir='ltr'>est</span> <span class='ocrx_word' id='word_1_328' title='bbox 345 3374 360 3413; x_wconf 92' lang='lat' dir='ltr'>e</span> <span class='ocrx_word' id='word_1_329' title='bbox 391 3358 512 3426; x_wconf 86' lang='lat' dir='ltr'>peneteo</span> <span class='ocrx_word' id='word_1_330' title='bbox 530 3359 574 3414; x_wconf 83' lang='lat' dir='ltr'>N1</span> <span class='ocrx_word' id='word_1_331' title='bbox 588 3358 598 3425; x_wconf 92' lang='grc' dir='ltr'>ΙΙ</span> <span class='ocrx_word' id='word_1_332' title='bbox 612 3362 643 3411; x_wconf 87' lang='grc'>16</span> <span class='ocrx_word' id='word_1_333' title='bbox 661 3354 751 3409; x_wconf 86' lang='lat' dir='ltr'>solere</span> <span class='ocrx_word' id='word_1_334' title='bbox 779 3370 826 3408; x_wconf 86' lang='lat' dir='ltr'>ere</span> <span class='ocrx_word' id='word_1_335' title='bbox 839 3356 866 3410; x_wconf 93' lang='lat' dir='ltr'><strong><em>P</em></strong></span> <span class='ocrx_word' id='word_1_336' title='bbox 879 3357 888 3423; x_wconf 86' lang='grc'>[1</span> <span class='ocrx_word' id='word_1_337' title='bbox 901 3355 991 3431; x_wconf 58' lang='grc' dir='ltr'>αἰιεᾞ</span> <span class='ocrx_word' id='word_1_338' title='bbox 1004 3355 1013 3432; x_wconf 73' lang='lat' dir='ltr'>[t</span> <span class='ocrx_word' id='word_1_339' title='bbox 1028 3360 1059 3410; x_wconf 83' lang='lat' dir='ltr'>le</span> 
     </span>
     <span class='ocr_line' id='line_1_38' title="bbox 43 3422 1060 3500; baseline -0.009 -16"><span class='ocrx_word' id='word_1_340' title='bbox 43 3430 110 3496; x_wconf 84' lang='lat' dir='ltr'>qnod</span> <span class='ocrx_word' id='word_1_341' title='bbox 122 3427 397 3494; x_wconf 84' lang='lat' dir='ltr'>verbum-tempus</span> <span class='ocrx_word' id='word_1_342' title='bbox 408 3439 459 3484; x_wconf 85' lang='lat' dir='ltr'>om.</span> <span class='ocrx_word' id='word_1_343' title='bbox 470 3424 505 3478; x_wconf 89' lang='lat' dir='ltr'><strong><em>N</em></strong></span> <span class='ocrx_word' id='word_1_344' title='bbox 513 3426 523 3494; x_wconf 77' lang='grc'>[1</span> <span class='ocrx_word' id='word_1_345' title='bbox 535 3431 568 3480; x_wconf 69' lang='lat'>20</span> <span class='ocrx_word' id='word_1_346' title='bbox 576 3424 595 3478; x_wconf 85' lang='lat' dir='ltr'>f.</span> <span class='ocrx_word' id='word_1_347' title='bbox 608 3424 673 3477; x_wconf 84' lang='lat' dir='ltr'>eunt</span> <span class='ocrx_word' id='word_1_348' title='bbox 685 3423 717 3476; x_wconf 86' lang='lat' dir='ltr'>ut</span> <span class='ocrx_word' id='word_1_349' title='bbox 727 3422 822 3490; x_wconf 80' lang='lat' dir='ltr'>placet</span> <span class='ocrx_word' id='word_1_350' title='bbox 834 3423 919 3500; x_wconf 81' lang='lat' dir='ltr'>daret</span> <span class='ocrx_word' id='word_1_351' title='bbox 928 3422 1060 3499; x_wconf 82' lang='lat' dir='ltr'>dnsplnoet</span> 
     </span>
    </p>
   </div>
   <div class='ocr_carea' id='block_1_8' title="bbox 42 3490 1057 3563">
    <p class='ocr_par' dir='ltr' id='par_1_10' title="bbox 42 3490 1057 3563">
     <span class='ocr_line' id='line_1_39' title="bbox 42 3490 1057 3563; baseline -0.009 -10"><span class='ocrx_word' id='word_1_352' title='bbox 42 3496 178 3563; x_wconf 79' lang='lat' dir='ltr'>patetsed</span> <span class='ocrx_word' id='word_1_353' title='bbox 196 3495 289 3549; x_wconf 78' lang='lat' dir='ltr'>oleret</span> <span class='ocrx_word' id='word_1_354' title='bbox 304 3493 339 3548; x_wconf 93' lang='lat' dir='ltr'><strong><em>N</em></strong></span> <span class='ocrx_word' id='word_1_355' title='bbox 350 3497 398 3553; x_wconf 81' lang='lat' dir='ltr'>eet.</span> <span class='ocrx_word' id='word_1_356' title='bbox 411 3507 461 3547; x_wconf 85' lang='lat' dir='ltr'>om.</span> <span class='ocrx_word' id='word_1_357' title='bbox 474 3493 484 3560; x_wconf 83' lang='grc' dir='ltr'>ΙΙ</span> <span class='ocrx_word' id='word_1_358' title='bbox 497 3499 529 3546; x_wconf 78' lang='lat'>22</span> <span class='ocrx_word' id='word_1_359' title='bbox 543 3493 620 3546; x_wconf 84' lang='lat' dir='ltr'>caret</span> <span class='ocrx_word' id='word_1_360' title='bbox 632 3492 659 3546; x_wconf 93' lang='lat' dir='ltr'><strong><em>P</em></strong></span> <span class='ocrx_word' id='word_1_361' title='bbox 671 3491 681 3558; x_wconf 76' lang='lat' dir='ltr'>ll</span> <span class='ocrx_word' id='word_1_362' title='bbox 694 3495 727 3544; x_wconf 79' lang='lat'>24</span> <span class='ocrx_word' id='word_1_363' title='bbox 738 3490 791 3544; x_wconf 86' lang='lat' dir='ltr'>hao</span> <span class='ocrx_word' id='word_1_364' title='bbox 803 3492 831 3546; x_wconf 93' lang='lat' dir='ltr'><strong><em>P</em></strong></span> <span class='ocrx_word' id='word_1_365' title='bbox 843 3493 853 3560; x_wconf 86' lang='grc' dir='ltr'>ΙΙ</span> <span class='ocrx_word' id='word_1_366' title='bbox 866 3491 1010 3546; x_wconf 78' lang='lat' dir='ltr'>amnsermt</span> <span class='ocrx_word' id='word_1_367' title='bbox 1022 3491 1057 3544; x_wconf 91' lang='lat' dir='ltr'>P.</span> 
     </span>
    </p>
   </div>
   <div class='ocr_carea' id='block_1_9' title="bbox 0 0 1182 3946">
    <p class='ocr_par' dir='ltr' id='par_1_11' title="bbox 0 0 1182 3946">
     <span class='ocr_line' id='line_1_40' title="bbox 0 0 1182 3946; baseline 0 4"><span class='ocrx_word' id='word_1_368' title='bbox 0 0 1182 3946; x_wconf 95' lang='lat' dir='ltr'> </span> 
     </span>
    </p>
   </div>
  </div>
 </body>
</html>
