2422 3976
343 101 416 159 VIII.
449 100 599 156 OARMEN
625 100 673 155 on
697 101 724 156 S.
743 101 861 159 Lucri.
1042 103 1106 168 143

95 264 155 331 Cui
180 287 254 329 mox
278 265 448 349 respondit
471 267 524 328 sat
546 264 772 329 convenientia
794 264 903 351 virgot
993 329 995 333 ,

96 353 169 418 Ἧ11
193 352 373 438 superadde
397 353 507 418 decem
530 374 627 438 quam
650 355 806 437 pluraque
831 353 934 437 milia,
958 359 1091 420 sanctus

95 442 235 526 Spiritus
259 442 321 506 hoc
345 442 495 526 spondet,
518 442 604 526 quod
628 442 718 507 mille
741 464 849 506 meum
872 442 999 507 ruitura

95 532 146 596 Ad
169 533 256 595 latus
280 534 379 614 atque
402 531 512 595 decem
537 532 604 594 sint
627 530 749 595 dextris
773 532 1015 616 praecipitanda

46 636 75 685 15
93 618 219 684 Μ11111.’
260 618 421 703 Torqueri
442 620 579 703 posthac
603 618 798 684 Paschasius
823 620 913 684 omni

78 708 256 792 -Ooeperat
278 709 440 772 introrsus
465 709 622 792 cruciatu,
645 708 770 773 viscera
793 710 883 773 cuius

94 796 251 861 Immanis
275 797 368 861 dolor
392 797 544 881 arripuit,
568 796 637 880 qui,
661 797 746 861 sicut
769 797 803 860 in
827 797 894 862 alto

96 885 232 970 Gurgite
257 885 414 950 sollicitat
436 888 616 968 tempestas
640 885 773 949 horrida
795 885 946 970 puppim,
970 923 1006 932 -

95 974 186 1038 'Iunc
209 974 363 1057 trepidus,
385 973 518 1057 rapidus
542 995 616 1038 cum
639 977 771 1038 vastum
795 974 892 1039 turbo
916 978 1050 1060 repente

46 1077 76 1126 uo
97 1061 305 1128 Confundens
329 1085 451 1147 aequor
473 1061 647 1147 naufragia
671 1062 783 1127 adesse
807 1063 960 1144 minatur,

95 1151 211 1216 Fertur
229 1151 264 1215 in
282 1151 457 1217 incertum:
479 1170 565 1216 nunc
586 1152 725 1233 caelum,
742 1173 829 1217 nunc
846 1152 929 1237 petit
947 1152 1049 1217 imum
1067 1189 1105 1200 —

96 1238 149 1305 Sic
172 1240 328 1305 turbabat
351 1262 424 1304 eum
449 1240 616 1323 stupidum
640 1261 801 1324 sensuque
824 1244 996 1305 carentem.

94 1329 155 1392 His
181 1351 275 1411 quern
301 1350 394 1393 sacra
416 1328 480 1411 piis
504 1327 635 1394 adfatur
657 1329 751 1414 virgo
775 1330 927 1411 loquelis:

97 1416 278 1501 Ῥ11111111,
301 1416 379 1501 quid
403 1417 574 1501 coniectas,
597 1417 650 1482 vel
674 1416 752 1501 quid
775 1416 951 1482 cruciaris?

46 1520 76 1569 15
96 1506 181 1581 Quid
206 1506 308 1570 menti
330 1508 495 1570 tormenta
518 1511 592 1571 tuae
616 1509 760 1570 maestus
785 1505 978 1570 coacervas?

97 1593 161 1659 Cur
185 1590 307 1679 duplici
329 1616 414 1660 1111111
436 1594 509 1679 huc,
531 1616 617 1659 nunc
639 1593 718 1659 illuc
742 1593 896 1658 scindaris
920 1595 1040 1661 hamo?
1128 1586 1134 1595 ’

97 1681 130 1748 Si
154 1683 189 1747 in
211 1705 263 1747 me
285 1684 410 1766 templa
433 1683 484 1746 dei
507 1688 614 1748 certus
637 1683 717 1766 iam,
740 1683 840 1760 crede,
863 1683 1025 1768 probasti,

97 1771 220 1847 Quodsi
242 1793 321 1854 non,
346 1772 510 1856 disrumpe
534 1793 642 1836 moras
668 1774 701 1835 et
724 1771 846 1835 discere
869 1770 990 1857 perge?

96 1859 185 1924 Haec
207 1858 291 1924 nihil
314 1860 438 1924 inflexit
462 1861 625 1926 crudelem
650 1859 758 1924 suasio
782 1862 938 1943 mentem3

45 1962 76 2010 10
96 1948 182 2012 Nam
205 1948 250 2012 fel
275 1949 367 2014 dulce
391 1949 477 2033 sapit
499 1971 565 2014 non
587 1970 740 2034 umquam
767 1969 894 2032 semper
917 1971 1074 2014 amarum.

95 2036 201 2101 Insita
225 2038 282 2101 sed
304 2037 382 2102 bilis
406 2038 555 2103 flammas
579 2036 735 2124 agitando
758 2035 879 2101 furoris

95 2125 263 2191 Introrsus
286 2127 398 2191 nimiis
422 2132 613 2211 contorquet
635 2127 762 2192 uiscera
785 2126 912 2210 poenis3

96 2214 136 2280 Se
159 2216 250 2299 prius
273 2216 446 2282 incendens
469 2219 565 2300 parat
587 2215 719 2299 ignibus
743 2237 836 2280 urere
860 2236 1038 2300 gemmam,

96 2304 185 2379 Quae
200 2305 277 2368 dum
295 2306 370 2389 plus
390 2306 550 2390 coquitur,
568 2305 684 2370 rutilat
703 2304 808 2389 magis
829 2308 925 2388 atque
942 2305 1111 2389 probatur.

45 2404 76 2452 15
98 2390 151 2456 Sic
174 2413 291 2476 pueros
316 2393 396 2458 olim
419 2395 574 2478 purgavit
596 2393 721 2459 torrida
743 2393 860 2458 fornax

95 2479 205 2561 Atque
229 2501 304 2544 suos
328 2481 407 2545 deus
431 2483 559 2546 excoxit
581 2483 724 2546 fornacis
747 2484 785 2545 ut
808 2502 931 2544 aurum.

95 2567 198 2653 Ignea
222 2569 389 2653 congeries
413 2568 448 2632 in
471 2590 553 2653 gyro
576 2568 725 2652 protinus
750 2568 855 2651 ardet,

96 2654 212 2721 Stabat
235 2656 291 2720 ubi
315 2657 460 2741 gaudens
484 2657 554 2723 ovis
577 2656 798 2741 imperterrita
821 2619 959 2741 Oliristi,

96 2745 177 2810 11111
154 2749 261 2831 ttrgan
283 2745 395 2832 ignem
418 2747 505 2811 circa
528 2767 624 2846 quam
646 2744 703 2829 pix
726 2744 895 2829 oleumque

46 2847 77 2896 20
97 2833 190 2900 lacta
171 2858 310 2938 asuper
333 2836 484 2919 viresque
507 2833 654 2899 animant
676 2833 889 2917 flammasque
913 2838 1080 2900 coronant

102 2925 261 2990 Tunct
214 2927 261 2990 ait
284 2926 319 2989 in
342 2925 471 2991 domino
495 2945 551 2990 cor
573 2922 696 2988 habens
719 2923 911 3023 virguncula
933 2921 1047 2988 fixum:

98 3012 193 3078 Ecce
217 3037 325 3078 meum
350 3013 516 3079 dominum
538 3012 622 3077 flexa
645 3009 769 3077 cervice
792 3011 922 3096 rogavi,

167 3186 458 3244 491‘conueniencie’
508 3183 1107 3255 111111111141111111111111111

95 3266 148 3315 496
169 3261 245 3330 post
261 3260 326 3316 hac’
383 3265 435 3316 496
456 3256 598 3355 ‘Ceperat’
655 3261 707 3311 497
724 3255 868 3310 Inmunis’
926 3256 1007 3311 500‘
1009 3257 1108 3325 equor’

96 3339 147 3389 503
168 3332 291 3430 affatur’
358 3336 409 3386 505
430 3328 557 3385 ‘mestus'
618 3327 701 3382 510‘
703 3327 847 3395 umquam’
909 3326 991 3381 512‘
994 3328 1107 3382 urscm’

97 3403 218 3473 paenis’
286 3409 338 3459 116
364 3401 434 3500 auo’
461 3401 511 3471 [an
534 3399 633 3455 ‘emta’
658 3397 706 3453 vel
733 3398 824 3453 simile
852 3396 960 3467 aliquid
988 3397 1134 3464 scribere,

95 3474 209 3545 11111111]
265 3475 347 3531 517‘
349 3473 423 3542 giro’
481 3476 533 3526 518
554 3469 757 3540 ‘inperterrita’
