2354 3946
109 190 170 255 140
337 186 492 242 VlssGlLll
509 186 673 242 MARONIS
691 184 899 241 EPISTOLAE.

105 341 314 426 proferemus,
349 340 588 425 frequentatiue
608 339 715 422 inquit
734 339 841 404 forme
855 342 921 402 tres
936 338 1132 404 efficientias

105 428 169 491 tria
192 448 233 491 ue
252 426 350 490 habet
364 428 578 507 inerementa3
601 423 839 507 primumquod
855 423 979 488 duabus
995 424 1131 507 syllabis

106 449 240 597 gaudet,
265 515 301 575 ut
323 510 409 588 lecto,
433 510 519 594 quod
541 509 671 592 quidem
693 530 731 572 ex
751 508 891 592 simplici
911 508 1019 572 forme
1034 509 1132 592 paule

109 597 276 661 obscurius
304 595 446 659 cernitur
473 595 668 677 discrepare:
699 592 784 657 unde
813 596 846 656 et
874 615 894 656 a
920 592 1036 657 multis
1064 614 1130 658 non

82 685 174 746 etam
201 681 372 763 recipitur,
408 679 484 763 quie
510 679 647 744 formam
673 675 948 761 frequentatiuam
976 677 1130 742 adserunt

107 766 191 830 sicut
217 765 319 830 literis
353 767 399 828 ita
427 765 523 828 etiam
553 784 647 827 sensu
677 762 832 826 diuersari
860 761 992 839 debere,
1027 763 1124 826 immo

106 852 214 934 potius
237 870 426 914 accrescere.
464 849 517 912 sed
541 869 600 911 nos
623 848 668 911 sic
685 846 833 923 dicimus,
858 846 945 930 quod
960 847 1014 910 lric
1037 848 1128 930 tegat,

107 935 190 1018 quod
213 938 263 998 est
283 934 453 997 minimum
481 933 590 997 saltim
618 931 727 996 literas
756 932 878 1012 dicere,
907 932 992 996 lactet
1020 935 1128 996 autem

108 1019 161 1102 qui
177 1019 261 1102 quod
278 1017 357 1101 legit
371 1017 560 1102 intellegere
575 1017 705 1101 incipit3
730 1017 830 1099 lepitet
849 1036 942 1094 uere,
967 1017 1022 1099 qui
1045 1015 1129 1101 quod

70 1123 94 1162 ιο
107 1102 188 1188 legit
209 1102 371 1185 intellegit
392 1102 467 1185 <et>
487 1102 566 1166 elios
595 1103 702 1186 legere
724 1101 802 1164 fecit
822 1099 982 1164 tradendo
1003 1101 1040 1164 in
1061 1105 1127 1164 arte

107 1186 281 1268 scribendi,
319 1207 401 1269 quse
439 1186 568 1270 legendi
605 1185 792 1250 asuetudine
829 1185 989 1270 didicerit,
1033 1206 1127 1268 porro

107 1272 231 1350 lectitet,
261 1270 316 1353 qui
344 1270 478 1334 omnino
506 1271 614 1354 legere
633 1292 705 1335 >non
727 1269 860 1334 desinet.
899 1269 1126 1353 inehogatiuee

107 1358 216 1419 autem
240 1354 364 1418 formae
392 1355 490 1419 uerba
517 1355 682 1438 utriusque
709 1354 946 1439 coniugationis
969 1375 1038 1419 esse
1057 1375 1127 1438 pos-

108 1444 199 1521 sunt,
228 1440 275 1503 ita
302 1445 413 1503 tamen
441 1443 478 1503 ut
504 1443 640 1523 utreque
667 1439 850 1524 coniugatio
878 1439 1039 1504 alternum
1067 1438 1128 1503 sibi

69 1545 94 1584 is
108 1524 249 1588 uindicet
269 1525 412 1588 uerbum.
450 1546 525 1589 nam
548 1545 620 1588 cum
643 1525 722 1588 dieis
742 1525 880 1607 (turiseo,
908 1525 1033 1607 primae
1055 1544 1129 1588 con-

109 1609 286 1695 iugationis
310 1630 377 1674 esse
399 1611 545 1674 noscitur
567 1612 603 1672 ut
623 1610 747 1690 florisso
760 1609 922 1691 floressia&
945 1608 993 1672 sic
1008 1609 1128 1692 catissc,

103 1697 243 1778 perisso,
275 1697 413 1777 perisse.
461 1694 619 1758 mirantur
655 1714 731 1756 sane
765 1694 913 1757 doctores
945 1692 1062 1756 horum
1097 1693 1129 1757 in

109 1781 226 1864 quibus
248 1780 399 1844 adsumus
422 1781 618 1863 temporum,
641 1799 737 1862 quere
760 1781 793 1841 et
815 1780 975 1860 quomodo
997 1778 1129 1842 uerbum

108 1866 230 1947 primae
262 1864 498 1950 coniugationis
525 1885 591 1928 non
613 1884 670 1947 per
692 1861 799 1926 omnia
820 1867 968 1944 tempora
990 1862 1129 1926 declina-

71 1971 96 2010 m
110 1950 206 2014 bitur.
236 1949 360 2013 sienim
374 1949 563 2032 declinatur,
579 1947 824 2031 inchegatiuum
840 1967 991 2011 essenon
1006 1951 1128 2030 potest:

109 2055 185 2098 nam
215 2034 337 2117 primae
366 2034 602 2118 coniugationis
636 2031 734 2096 uerba
761 2052 819 2114 per
848 2032 957 2095 omnia
986 2035 1130 2116 tempora

111 2119 196 2181 exire
219 2138 327 2202 posse,
351 2118 474 2181 faciens
497 2118 591 2180 lectio
615 2117 823 2180 demonstret.

196 2201 243 2263 De
271 2201 375 2264 forme
402 2222 478 2265 uero
506 2201 693 2264 meditatiua
715 2200 809 2264 multi
832 2199 916 2264 ambi
942 2203 1003 2264 unt
1025 2203 1130 2264 utrum

108 2284 239 2367 penitus
262 2305 330 2348 esse
352 2286 467 2348 debeat
488 2306 530 2348 an
551 2306 634 2367 non,
657 2285 766 2348 multis
788 2219 985 2369 negantitus
1008 2289 1041 2349 et
1060 2285 1129 2349 aliis

71 2390 97 2430 as
110 2369 363 2433 adfirmantibus.
388 2368 509 2453 duplici
525 2369 620 2432 etiem
637 2370 768 2433 nomine
782 2369 844 2433 hee
860 2368 994 2433 uerbum
1008 2370 1129 2434 formae

109 2453 314 2518 meditatiuae
343 2453 459 2518 utitur:
491 2454 621 2537 quidam
649 2454 735 2518 enim
758 2454 979 2518 meditatiuam
1002 2459 1129 2533 uocant,

109 2539 199 2621 quasi
232 2560 251 2601 e
285 2538 486 2619 meditand03
524 2539 608 2622 quud
643 2539 722 2602 mihi
755 2538 928 2624 diligenter
960 2539 1130 2624 indaganti

109 2622 340 2688 subobscurum
378 2645 446 2688 esse
483 2645 609 2706 semper
645 2623 780 2687 uidetur.
828 2645 905 2687 uam
942 2644 1016 2687 cum
1053 2623 1130 2688 dicis

109 2709 255 2784 distorte,
287 2707 396 2772 nescio
425 2709 585 2792 quomodo
616 2709 656 2772 ad
686 2706 930 2772 meditationem
960 2708 1129 2792 pertineat,

71 2812 96 2853 ee
110 2793 331 2876 quodcumque
365 2813 461 2857 sensu
491 2793 714 2878 intellegatur3
750 2794 817 2856 siue
845 2795 882 2856 ut
907 2813 966 2856 nos
994 2791 1129 2857 dicimus

110 2879 298 2960 quandoque
331 2878 515 2962 uincamus,
554 2879 619 2942 siue
653 2881 691 2942 ut
723 2878 852 2961 quidam
888 2877 958 2943 uoto
993 2879 1128 2960 uineae,

110 2962 277 3027 meditatio
300 2962 364 3026 hiic
387 2963 492 3027 locum
514 2985 582 3027 non
604 2962 683 3027 mihi
706 2962 834 3027 uidetur
855 2961 1011 3026 inuenire.
1055 2982 1130 3046 ergo

179 3223 194 3270 3
213 3216 363 3286 exemplici
379 3216 413 3271 N
428 3231 497 3270 corr.
515 3216 579 3269 Mai
597 3217 635 3281 18
654 3217 729 3284 quod
748 3217 803 3337 esti]
824 3217 867 3270 est
884 3215 949 3270 add.
962 3216 973 3283 11
985 3214 1130 3268 minimam

110 3284 144 3337 N
153 3285 190 3352 119
208 3285 295 3354 legite
313 3285 347 3338 N
356 3284 366 3352 11
381 3291 412 3338 10
429 3284 519 3337 intelli
542 3282 565 3338 it
581 3283 615 3338 N
623 3284 634 3352 11
649 3290 679 3337 11
700 3285 786 3339 diceri
816 3285 850 3337 N
858 3285 868 3350 11
884 3291 913 3336 12
933 3283 991 3352 qui]
1005 3283 1068 3350 dN
1077 3285 1086 3352 1
1102 3287 1131 3336 13

105 3357 170 3418 post
188 3351 391 3422 coniugationis
411 3373 441 3405 c·
459 3352 492 3404 in
538 3363 547 3417 ⁴,
565 3352 677 3421 signum
694 3353 810 3418 fortasse
827 3352 1005 3419 2221111122
1023 3351 1129 3406 faciens

109 3419 152 3484 N,
171 3419 261 3473 facilis
278 3421 342 3474 Mai
358 3420 423 3485 fort.
436 3425 519 3484 recte,
537 3420 595 3473 nisi
611 3419 727 3488 paciens
734 3417 880 3486 praeferas
893 3419 903 3483 11
916 3424 948 3472 23
966 3418 1056 3472 forme
1074 3418 1108 3472 N
1116 3418 1129 3488 11

109 3491 142 3539 25
161 3485 241 3554 dupli
258 3488 292 3542 N
306 3501 375 3544 corr.
393 3487 524 3555 Μα1127
543 3487 612 3553 quid
629 3488 663 3541 N
671 3488 681 3554 11
694 3484 810 3552 32111101
828 3483 883 3535 huc
900 3484 939 3538 N.
