2354 3946
414 188 461 246 111.
487 187 577 244 VITA
595 177 786 245 s'uausul.

94 352 163 416 Rex
187 352 295 418 iratus·
314 352 402 416 enim
426 351 592 417 arcessitis
617 355 715 436 atque
739 351 899 416 ministris

93 441 258 526 Praecipit
280 463 436 506 urnarum
459 441 565 506 lustra
588 444 621 504 et
644 440 803 526 quadrina
824 461 939 524 parare

94 529 174 595 Cum
198 531 342 614 plumbo,
366 551 439 594 cera
462 533 560 614 atquc
584 529 655 594 oleo
678 528 838 595 ferventia
860 529 949 595 facta
1125 548 1142 591 r.

94 619 173 682 lnde
198 622 231 683 et
254 621 289 683 in
311 618 371 683 illa
394 619 446 682 dei
468 618 628 682 famulum
650 639 727 682 mox
748 617 969 703 praecipitari.

21 723 74 773 455
93 707 225 772 Insiluit
249 706 373 774 Christi
393 707 557 773 ferventes
580 710 706 791 martyr
727 707 763 771 in
786 706 870 770 ollas

94 797 204 880 Atque
228 796 332 862 crucis
357 797 451 881 signo
475 795 594 860 summi
617 817 690 859 cum
712 795 843 860 nomine
865 794 955 863 facto

93 885 271 949 incolumis
294 885 426 969 praesul
449 885 568 968 quippe
591 884 788 968 illaesusque
810 885 973 951 manebat.

93 972 234 1057 Moxque
257 973 309 1037 dei
332 995 489 1038 resonans
512 994 574 1037 vox
597 972 720 1037 undam
744 971 857 1037 effudit
880 975 921 1038 ab
945 975 1011 1039 olla

94 1060 186 1127 Illius
210 1065 243 1126 55
267 1061 379 1146 poeuis
404 1060 525 1126 Caesar
547 1061 683 1144 punitur
705 1060 826 1126 amaris

22 1165 74 1215 455
95 1149 311 1216 Conclamans
336 1154 449 1216 sancto
472 1171 608 1234 seseque
631 1149 743 1214 ardere
766 1149 888 1215 fatetur

93 1239 202 1322 Atque
225 1239 309 1323 petit
332 1238 434 1304 saeris
457 1238 607 1321 precibus
631 1260 701 1303 sese
726 1237 883 1304 auxiliari.

94 1326 246 1412 ‘Ignem'
270 1331 401 1393 sanctus
425 1328 486 1411 ait,
509 1325 690 1412 ‘proprium
712 1348 898 1412 poenasque
921 1333 1042 1416 teneto,

93 1416 243 1480 Praemia
264 1417 345 1482 tolle
367 1420 427 1480 tua
450 1421 487 1480 de
511 1416 666 1481 daemone
689 1415 756 1480 iam
778 1415 840 1480 tibi
862 1421 968 1501 parta.

93 1504 203 1570 Nosco
227 1505 335 1589 etiam,
357 1504 452 1569 falsis
476 1504 552 1588 quia
574 1505 698 1568 viscera
721 1503 801 1567 dura
824 1505 962 1570 tenebis:

20 1608 73 1660 460
93 1591 155 1657 Sed
174 1598 308 1678 propter
325 1593 484 1678 populum
502 1593 555 1657 hio
574 1595 717 1657 stantem
739 1591 836 1656 modo
856 1594 991 1659 solveris
1009 1594 1104 1660 inde?

92 1681 154 1746 His
179 1682 273 1747 dictis
298 1683 412 1747 statim
435 1681 522 1766 regis
546 1684 731 1746 cessaverat
753 1679 850 1745 ardor
1123 1697 1140 1738 r.

92 1771 137 1835 Et
161 1771 258 1835 multi
282 1793 299 1835 e
321 1771 444 1854 populo
468 1773 643 1854 coeperunt
666 1767 795 1833 credere
819 1767 957 1836 Ohristo.

92 1859 161 1923 Rex
186 1881 313 1943 quoque
333 1881 406 1924 cum
430 1858 546 1942 sensit,
568 1859 672 1923 lenius
692 1857 778 1942 quod
796 1858 939 1923 habebat
958 1860 999 1925 ab
1019 1861 1105 1947 igne,

92 1947 266 2013 Induratus
290 1952 361 2012 erat
383 1948 570 2031 iustumque
593 1945 787 2030 reprendere
809 1945 919 2032 iussit,

20 2052 72 2102 465
92 2036 317 2121 Militibusque
340 2036 408 2100 suis
431 2037 573 2121 stipatus
596 2039 633 2100 ut
656 2038 742 2099 55555
764 2034 800 2098 in
823 2039 905 2120 arto,

92 2126 201 2209 Atque
225 2129 378 2209 sequente
402 2125 452 2189 die
475 2124 580 2189 voluit
602 2125 689 2188 hunc
711 2125 926 2208 martyrizari.

92 2213 245 2297 Tuncque
269 2217 456 2279 catenatum
479 2212 594 2298 poenis
617 2212 812 2298 constringit
834 2214 969 2301 acerbis,

94 2301 181 2378 Quae
204 2306 317 2387 posset
340 2305 507 2368 tormenta
529 2302 605 2366 dare
630 2323 802 2385 secumque
824 2303 971 2370 revolvit.

92 2390 222 2455 Interea
245 2391 368 2456 domini
389 2391 512 2456 famulo
537 2391 658 2475 quippe
682 2389 800 2455 enituit
822 2413 882 2476 par

21 2495 74 2545 470
93 2478 274 2544 Altithroni
296 2480 406 2544 subito
431 2481 575 2544 clamans
599 2479 706 2563 ipsum
729 2483 826 2563 atque
849 2481 992 2547 vocavit:

94 2565 249 2651 ‘Servula
273 2589 377 2653 surge,
400 2569 505 2633 bonus
529 2567 637 2632 fueras
662 2567 717 2651 qui
742 2589 878 2651 semper,
900 2571 1046 2637 Erasme.

92 2656 144 2720 En
167 2678 228 2741 ego
252 2656 318 2721 iam
341 2658 415 2722 veni
438 2656 527 2722 caelo
551 2655 613 2719 tibi
635 2655 754 2719 missus
779 2656 820 2720 ab
844 2656 921 2736 alto,

92 2744 139 2809 Ut
163 2745 258 2810 modo
280 2751 314 2810 55
337 2745 451 2810 ducam
474 2745 550 2810 hinc
572 2743 606 2807 in
630 2742 843 2827 Campaniam
866 2747 1041 2831 regionem.

92 2832 155 2897 Hic
179 2833 310 2900 domino
333 2834 487 2919 populum
512 2832 636 2918 poteris
660 2831 849 2914 conquirere
872 2855 1027 2919 maguum
1117 2846 1177 2891 tt

21 2937 73 2987 475
92 2922 200 3005 Atque
225 2923 350 2988 animas
374 2921 506 2988 Christo
530 2920 650 2985 multas
674 2919 827 2984 adhibere
850 2921 1013 2987 docendo?

92 3009 183 3075 Haeo
208 3010 316 3076 dicens
340 3010 541 3096 comprendit
565 3031 637 3074 eum
661 3030 801 3092 moxque
823 3009 898 3074 inde
920 3010 1053 3078 revexit.

163 3279 215 3328 445
232 3271 375 3343 ‘precipit’
427 3277 479 3328 452
496 3270 673 3326 ‘incolomes’
696 3269 879 3340 ‘inlesusque'
931 3276 984 3325 454
1000 3271 1102 3326 ‘cesar'

92 3349 144 3399 456
165 3344 337 3413 ‘praecibus'
411 3348 463 3399 457
484 3342 650 3413 ‘penusque’
728 3345 781 3397 458
802 3339 932 3410 ‘premia’
960 3341 1101 3397 ‘demone’

91 3422 143 3469 462
160 3415 288 3484 ‘popolo'
305 3431 321 3469 o
336 3414 366 3467 in
379 3433 399 3468 u
413 3415 569 3470 correctum
623 3417 676 3466 464
692 3412 850 3482 ‘repndere’
902 3417 955 3467 467
971 3413 1103 3488 ‘acmn{

90 3492 143 3541 470
169 3487 320 3541 ‘altitroac's
346 3485 424 3540 nato'
498 3489 550 3538 472
576 3483 709 3539 ‘museus'
735 3483 814 3554 prius
840 3501 859 3538 u
886 3483 1011 3540 deletum
1037 3487 1068 3541 55

92 3555 313 3628 superscriptum
337 3555 439 3612 ‘ablto’
461 3570 632 3626 asuperscr.
