2354 3946
518 89 736 146 PRAEFATIO.
1095 94 1134 148 XI

116 255 312 341 septenaria,
336 255 436 319 semel
455 250 527 341 (17)
547 255 581 318 in
601 255 834 339 semiternaria,
856 259 906 320 tar
926 252 993 342 (69,
1009 257 1060 339 70,
1075 255 1131 343 74)

116 347 152 410 in
174 344 322 409 bucolica
345 364 478 407 caesura
500 343 608 408 locum
631 342 752 409 habeat
775 365 835 409 nee
853 346 964 411 tamen
983 345 1133 428 semiqui-

117 435 211 498 naria
235 454 369 497 caesura
393 453 535 516 unquam
557 432 763 518 neglegatur.

207 520 342 586 Accedit
375 520 416 584 ad
448 520 533 584 hunc
564 519 770 586 constantem
797 542 949 585 versuum
979 524 1132 587 ornatum

116 609 204 676 haud
232 632 305 675 raro
334 610 473 674 alterum
502 608 597 673 decus
627 630 666 674 ex
692 609 865 674 vernacula
893 607 1132 675 Germanorum

115 700 209 785 poesi
223 701 437 782 assumptum,
453 696 634 762 similitudo
648 697 802 783 principii
815 701 992 782 ternorum,
1005 702 1132 785 quater·

115 809 232 852 norum
251 787 434 871 pluriumve
452 786 695 872 vocabulorum,
711 822 749 833 -
765 808 843 850 nam
861 785 956 851 binas
975 809 1069 852 voces
1089 787 1131 851 ab

116 875 230 941 eadem
261 876 374 940 littera
405 874 611 959 incipientes,
645 896 843 959 quamquam
875 896 971 960 saepe
1001 897 1042 940 ne
1070 875 1132 940 hae

116 963 248 1049 quidem
271 964 340 1028 sine
364 964 499 1028 consilio
523 963 628 1029 dictae
650 963 811 1048 videntur,
835 963 987 1029 omittam
1004 963 1131 1029 -sive

115 1054 223 1117 tribus
242 1053 295 1116 vel
318 1052 465 1136 pluribus
489 1050 633 1116 eiusdem
651 1073 764 1116 versus
783 1052 951 1117 vocabulis
974 1052 1061 1118 idem
1081 1057 1131 1117 est

114 1141 322 1227 principium,
341 1140 409 1205 sive
423 1140 501 1204 bina
520 1145 617 1224 atque
636 1140 716 1206 adeo
730 1145 824 1205 terna
837 1141 938 1206 verba
951 1143 1132 1225 primarum

114 1231 300 1295 litterarum
329 1228 542 1294 similitudine
567 1230 711 1294 interae
735 1233 925 1295 consonant.
972 1230 1132 1313 Exempla

114 1318 205 1383 illius
235 1319 363 1404 generis
391 1316 549 1400 praebent
572 1340 623 1383 88.
641 1317 676 1402 4,
703 1319 753 1401 19,
775 1317 827 1402 25,
851 1318 903 1402 86,
927 1318 980 1403 89,
1003 1319 1055 1403 90,
1079 1319 1132 1400 97,

118 1409 196 1489 114,
218 1406 280 1471 129
301 1405 411 1490 (suum
431 1406 534 1471 subiit
553 1406 601 1471 818
618 1443 656 1452 -
674 1403 884 1493 sepulcrum),
907 1404 1004 1472 huius
1022 1429 1074 1473 vv.
1088 1406 1131 1472 35

114 1493 207 1577 (oum
223 1531 262 1542 -
278 1496 344 1579 pio,
367 1495 500 1561 caelesti
523 1500 698 1576 pneumate
719 1493 841 1581 pleno),
863 1495 917 1577 43,
935 1495 989 1580 45,
1008 1495 1060 1579 55,
1079 1496 1131 1579 63,

117 1585 174 1669 64,
200 1585 273 1668 113,
300 1584 470 1668 118,131,
495 1583 567 1648 132.

205 1671 377 1757 Correptio
405 1673 523 1757 longae
554 1670 702 1753 syllabae
730 1672 765 1734 in
791 1671 1019 1736 Thebteorum
1048 1667 1130 1759 (80),

115 1761 287 1846 productio
311 1761 419 1825 brevis
442 1762 476 1824 in
499 1759 721 1824 Mediolanum
744 1756 831 1845 (21),
855 1761 926 1844 spei
950 1755 1038 1845 (43),
1062 1781 1131 1826 cor·

115 1850 222 1934 reptio
259 1850 421 1934 simulque
457 1848 628 1932 productio
664 1847 700 1912 in
735 1846 935 1914 Diocletiani
969 1846 1041 1932 (14)
1076 1848 1130 1912 ad·

115 1938 224 2002 hibita
248 1942 307 2002 est.

204 2025 346 2090 Eaedem
373 2026 442 2091 fere
471 2026 561 2111 leges
589 2026 742 2091 metricae
774 2026 809 2090 in
836 2024 917 2091 Vita
949 2024 980 2091 S.
1004 2023 1131 2090 Gisleni

114 2115 308 2179 observatae
328 2117 418 2199 sunt,
435 2114 470 2178 in
484 2136 549 2198 qua
567 2114 849 2198 septingentorum
863 2114 1130 2200 undenonaginta

114 2225 268 2267 versuum
296 2207 363 2268 tres
392 2201 464 2287 (44,
487 2203 562 2282 212,
586 2199 667 2289 671)
695 2204 818 2268 habent
840 2225 1009 2270 caesuram
1037 2204 1130 2268 semi·

116 2292 350 2376 septenariam,
374 2292 468 2357 elisio
491 2312 557 2356 non
580 2295 657 2356 ante
679 2314 709 2356 v.
731 2293 803 2377 107,
826 2297 903 2376 post
925 2293 1020 2357 illum
1042 2291 1131 2357 haud

114 2380 220 2445 multo
247 2381 322 2465 plus
352 2401 450 2464 quam
477 2379 576 2444 vicies
605 2379 775 2465 quinquies
805 2381 984 2465 invenitur3
1015 2384 1130 2446 contra

114 2468 242 2532 hiatum
265 2468 300 2532 in
323 2489 457 2533 caesura
480 2469 580 2534 semel
600 2464 707 2556 (129),
731 2469 904 2553 synizesim
922 2470 974 2534 bis
997 2469 1033 2533 in
1051 2490 1130 2534 voce

115 2556 229 2620 deinde
257 2557 328 2642 (60,
352 2556 431 2642 257)
461 2556 699 2641 deprehendam
729 2557 896 2642 spondaiei
926 2558 988 2623 duo
1016 2579 1129 2623 versus

115 2649 193 2709 sunt
212 2644 302 2729 (178,
316 2645 408 2731 623).
438 2645 558 2710 Omnes
576 2667 689 2710 versus
710 2648 786 2710 sunt
800 2645 938 2712 Leonini
954 2666 1130 2731 omnesque

113 2738 244 2817 praeter
262 2739 339 2817 tres,
359 2755 440 2818 quos
460 2733 557 2799 modo
575 2733 641 2798 dixi
660 2731 732 2820 (44,
750 2734 825 2819 212,
845 2734 936 2819 671),
954 2734 1020 2799 arsi
1038 2733 1130 2799 tertii

113 2821 205 2906 pedis
228 2821 259 2885 h.
275 2843 301 2888 e.
320 2821 355 2886 in
371 2844 506 2887 caesura
529 2820 761 2906 semiquinaria
778 2825 812 2886 et
829 2822 917 2887 thesi
935 2823 1020 2887 sexti
1037 2822 1129 2906 pedis

114 2911 303 2995 concinunt,
334 2911 400 2975 nisi
427 2910 514 2995 quod
542 2911 691 2976 nonnulli
719 2907 773 2994 (of.
797 2932 847 2975 88.
870 2911 928 2994 23,
952 2910 1031 2988 365,
1053 2911 1130 2993 444,

114 2999 190 3082 583,
210 2997 289 3084 732)
309 2998 395 3064 binis
417 3000 560 3064 ternisve
582 2997 721 3083 syllabis
745 2998 896 3063 similiter
920 3002 1046 3063 sonant.
1083 2999 1130 3062 At

113 3088 149 3151 in
168 3091 324 3171 quattuor
342 3087 489 3152 versibus
513 3087 567 3152 hic
585 3087 703 3152 similis
721 3086 895 3151 verborum
918 3085 1044 3151 sonitus
1062 3108 1129 3151 non

114 3197 187 3240 cum
206 3197 339 3240 caesura
358 3175 604 3261 semiquinaria,
623 3175 751 3240 sedvel
770 3196 843 3240 cum
863 3174 1130 3258 semiseptenaria

114 3261 204 3348 (638,
223 3262 312 3350 661),
330 3265 382 3329 881
401 3286 474 3329 cum
492 3264 642 3329 bucolica
661 3261 758 3350 (194ε
782 3262 873 3328 Tunc
891 3262 977 3328 inter
994 3262 1128 3328 frutices

114 3373 273 3437 suspensa
290 3357 329 3416 ut
346 3353 431 3418 forte
448 3352 578 3417 iacebat
593 3387 635 3400 -
650 3350 736 3417 unde
760 3356 933 3436 suspensat
955 3351 1129 3438 legendum

114 3461 185 3504 esse
205 3440 379 3526 intellegas
397 3450 435 3489 '-
453 3438 533 3526 354)
549 3440 740 3506 coniunctus
760 3442 819 3521 est,
837 3439 871 3504 in
889 3443 1045 3524 quattuor
1060 3463 1088 3496 w
