2354 3946
84 195 147 264 138
330 197 401 253 v111.
434 197 588 255 caunnn
611 197 659 252 nn
684 198 711 253 s.
730 195 848 256 anon.

82 360 237 447 Corporis
261 366 358 446 atquo
383 362 510 427 animae
535 361 590 445 qui
613 383 763 446 rumpere
786 362 908 426 robora
931 366 1077 450 certent,

82 448 285 516 Paschasius.
327 448 387 515 Oui
411 472 487 514 mox
509 450 623 515 retulit
646 450 867 535 pulcherrima
889 450 1005 536 virgo:

82 536 162 604 ‘l'os
187 540 276 623 estis,
301 539 417 623 quibus
442 538 555 604 obviat
577 539 659 604 haec
682 538 849 604 comoedia
872 538 1066 607 Menandri:

82 624 328 712 “Corrumpunt
351 649 457 692 mores
481 627 627 712 graviter
650 627 738 692 mala
760 628 862 692 verba
884 629 1085 697 venustos.''

11 714 170 787 stollam
194 717 342 782 incautas
367 716 492 781 animas
515 716 678 781 incurrere
702 716 820 800 cogitis
844 719 954 781 atrum

84 802 214 871 Crimen
238 805 404 888 adulterii,
427 809 635 871 contemnere
659 804 783 870 scilieet
806 805 915 888 illum,

84 892 148 971 oui
171 916 266 959 verus
290 895 368 959 deus
392 899 443 959 est
466 897 499 958 et
523 915 661 978 sponsus
686 893 843 959 amandus
868 916 998 979 earum,

84 980 242 1066 Collaque
266 982 417 1047 submitti
439 982 612 1048 fallacibus
636 985 669 1046 et
692 1003 791 1047 manu
814 981 911 1047 factis

84 1068 295 1155 Scrilptilibus
319 1071 389 1135 vita
412 1092 572 1155 sensuque
595 1071 781 1136 carentibus
806 1072 908 1153 omni,

12 1176 64 1227 343
84 1156 279 1223 (lousirnilos
304 1158 422 1242 quibus
446 1180 517 1223 esse
540 1159 656 1244 liquet,
681 1160 737 1243 qui
760 1159 842 1224 talia
864 1160 1007 1244 fingunt.

82 1247 247 1329 Antiquos
271 1245 377 1311 hostis
400 1267 458 1312 vos
481 1247 544 1312 hac
566 1247 651 1333 ligat
673 1248 895 1332 improbitate,

82 1331 130 1401 Ut
152 1332 283 1400 Christo
307 1335 457 1421 proprias
482 1335 633 1401 adimatis
656 1336 770 1401 fraude
793 1336 952 1402 bidentes.

83 1422 172 1491 Haeo
196 1424 323 1490 animae
346 1424 452 1490 fertur
474 1425 649 1510 corruptio,
673 1425 810 1510 denique
833 1425 942 1490 carnis

83 1513 212 1597 Altera,
232 1536 314 1599 quae
334 1514 489 1600 sequitur,
508 1514 588 1580 baec
602 1517 666 1595 est,
685 1535 758 1578 cum
776 1535 914 1599 corpora-
929 1515 1071 1581 suadent
1087 1536 1173 1579 anau

11 1616 64 1671 330
83 1599 201 1669 Maiori
224 1603 332 1669 studio
356 1603 492 1668 rationis
516 1626 551 1668 re
575 1602 768 1687 prohibente
1117 1608 1173 1650 4οΗ

84 1688 247 1775 Tractari,
271 1714 344 1757 oum
368 1693 475 1776 pulvis
500 1691 578 1775 sint,
603 1692 684 1757 cinis
709 1696 807 1775 atque
830 1690 958 1776 favilla,

83 1778 250 1846 Excordes
275 1802 454 1867 sensusque
477 1781 600 1864 inopes,
624 1802 721 1865 quam
745 1779 910 1865 Dindyma
933 1780 1044 1846 cordis

85 1868 193 1953 Atque
217 1869 350 1937 habitus
374 1870 509 1954 animae,
533 1870 686 1954 sineque
708 1869 756 1932 nil
775 1890 912 1953 corpora
931 1871 1090 1957 possunt,

84 1955 130 2022 llt
154 1958 240 2024 bono
263 1961 483 2045 praeponunt,
506 1980 643 2042 quorum
667 1959 732 2023 cito
756 1957 863 2042 gloria
885 1957 1021 2044 transit,
1068 1997 1070 2001 ·

13 2064 65 2116 333
85 2047 246 2126 Aeternis,
270 2068 351 2133 quae
375 2047 547 2112 caelicolae
571 2069 667 2130 super
691 2046 824 2111 aethera
846 2046 1025 2131 prendunt,

84 2134 153 2200 Has
179 2156 306 2220 quoque
331 2135 471 2218 divitias,
493 2135 720 2200 tantummodo
744 2156 825 2220 quas
846 2135 945 2199 breve
969 2139 1104 2222 tempus

85 2223 267 2304 Terminat,
291 2224 445 2307 amplecti
469 2223 565 2287 simul
589 2226 622 2287 et
646 2223 814 2287 dulcedine
836 2223 926 2306 pasci

84 2310 270 2374 Praesentis
294 2310 381 2374 vitae
404 2313 592 2393 contempta
614 2311 685 2375 luce
708 2310 858 2377 futurae?

84 2398 270 2484 Exsuperas
295 2420 427 2463 saevum
450 2400 626 2483 responsis,
649 2399 753 2484 virgo,
776 2406 950 2484 tyrannum

13 2507 66 2560 aso
83 2486 153 2553 Neo
176 2492 314 2572 possunt
337 2488 495 2552 infirmari
517 2492 575 2552 tua
598 2488 685 2553 dicta
708 2488 902 2573 quibusdam

85 2575 268 2662 Oppositis:
295 2577 372 2642 hinc
395 2577 470 2642 inde
493 2581 605 2643 terunt
627 2579 747 2644 infesta
769 2578 924 2644 valenter.

83 2664 234 2731 Iustitiae
259 2687 393 2732 examen
418 2690 476 2732 sua
499 2668 644 2753 pondera
666 2671 829 2753 temperat
851 2668 885 2732 in
909 2671 951 2751 te,

85 2753 165 2820 Cum
190 2759 227 2820 tu
249 2756 392 2822 veridico
416 2756 604 2823 mendaeem
628 2759 767 2843 proteris
791 2779 855 2822 ore.

84 2843 131 2908 At
154 2844 280 2930 consul,
304 2866 376 2909 oum
401 2846 445 2909 sit
467 2847 599 2911 virtutis
621 2847 723 2910 totius
747 2847 862 2930 impos,
886 2883 927 2892 -

12 2950 64 3002 363
85 2930 259 2999 Consulem
284 2933 372 2998 dedit
395 2935 589 3000 antirrbesis
612 2933 674 2998 hoo
696 2935 826 2998 nomine
851 2933 928 3000 dici:

156 3150 207 3199 333
229 3145 286 3199 ‘ex'
306 3146 319 3199 t
342 3159 476 3213 superaor.
500 3144 529 3196 in
556 3138 683 3212 margine
712 3140 839 3195 additum
865 3142 979 3211 ‘adque’
1046 3149 1100 3200 338

86 3215 236 3271 ‘comedia’
303 3213 597 3282 341‘contempnere'
663 3217 714 3266 343
736 3211 875 3265 ‘submiti'
905 3213 1098 3269 ‘manufactis'

84 3291 138 3341 344
158 3286 341 3356 ‘Sculptibua'
394 3289 445 3340 343
466 3282 628 3354 ‘concupito’
681 3287 733 3336 352
755 3282 903 3338 ‘dindima'
954 3287 1008 3337 334
1026 3284 1100 3355 ‘pre-

84 3358 204 3424 ponunt'
279 3363 331 3412 333
356 3354 498 3410 ‘diuiciae’
532 3355 654 3409 ‘tantum
682 3353 777 3407 modo'
852 3359 904 3408 333
931 3354 1097 3410 ‘Prosentis’

85 3427 174 3495 ‘poet’
190 3443 276 3481 manu
291 3428 412 3483 secunda
426 3425 456 3479 in
469 3425 595 3494 margine
609 3424 735 3478 additum
751 3424 787 3477 ad
807 3425 971 3492 sequentem
985 3442 1100 3480 versum

84 3499 212 3565 spectare
240 3496 351 3552 videtur
423 3500 475 3550 333
501 3495 655 3566 ‘Exuperas
683 3494 791 3551 seuum’
862 3498 913 3550 362
940 3494 1096 3551 ‘laeticiae’

84 3570 137 3622 334
157 3565 271 3620 ‘tocius'
328 3574 380 3623 363
401 3567 584 3626 ‘anmouacrs’
605 3583 622 3620 o
641 3567 765 3622 deletum
