2354 3946
364 156 411 213 1v.
437 155 525 212 VITA
544 156 571 212 S.
590 157 759 216 AGNE'I'IS.
1025 159 1067 222 41

55 317 166 403 Aegra
189 319 269 402 lues,
293 319 410 385 anhela
431 319 543 403 febris,
567 341 722 385 succensa
744 319 856 403 libido,
914 349 916 353 ·
1087 343 1102 382 f.
1117 335 1145 382 nv

54 406 140 472 Usta
164 407 246 489 sitis,
270 406 404 473 diffusus
429 430 530 492 amor,
552 411 712 492 prorupta
734 429 866 494 vorago.
1132 408 1135 416 ’

55 493 267 579 Symphronii
289 499 420 561 rentum
444 497 552 560 fuerat
576 497 623 561 sio
646 497 778 562 morbus
802 497 843 562 ad
866 519 974 582 aures3

10 598 36 649 30
55 583 157 648 Fama
180 605 315 649 vomens
339 586 450 650 audita
473 584 577 669 patris
600 586 748 670 pervenit
772 585 813 650 ad
836 608 939 651 aures.

55 670 193 757 Cogitur
216 674 263 736 ire
287 677 390 758 pater,
413 695 526 739 rursus
550 677 710 756 temptare
733 675 905 759 pudorem3

55 760 144 825 Haeo
168 761 280 825 eadem
303 766 463 846 repetens,
486 762 617 826 fuerant
638 785 720 847 quae
744 784 873 847 sponsa,
896 763 1044 829 vovebat.

56 848 117 913 His
141 849 276 914 adversa
298 851 399 914 refert
423 852 533 935 Agnes
557 850 624 914 iam
647 850 742 916 docta
766 872 973 935 responsum:

55 937 131 1002 ‘Fas
155 941 188 1001 et
211 938 282 1001 iura
305 943 419 1003 vetant
441 938 556 1004 foedus
579 938 702 1003 violare
725 939 856 1025 iugalis,

10 1041 37 1091 35
56 1025 121 1089 Res
145 1026 281 1112 indigna
302 1027 362 1092 fiat
386 1049 506 1112 sponso
529 1049 571 1090 ne
594 1027 678 1092 forte
694 1027 823 1113 'priori'

56 1113 211 1179 Fascibus
233 1115 368 1180 inflatus
394 1116 523 1202 genitor
546 1120 624 1180 tunc
647 1116 776 1181 fortiter
799 1117 916 1201 instat,

56 1201 151 1267 Unde
174 1203 368 1287 requisitum
391 1205 493 1269 iactet
516 1226 552 1269 se
574 1204 668 1290 virgo
691 1204 843 1290 iugalem.

55 1290 184 1355 Indioat
206 1291 347 1356 infestus
369 1291 444 1357 fidei
467 1292 663 1358 Pharisaeus
687 1293 799 1358 adesse

57 1378 288 1445 Christicolum
312 1380 543 1466 Christumque
567 1403 662 1446 suum
684 1381 807 1446 iactare
830 1382 982 1468 iugalem.
1046 1378 1051 1389 ’

10 1484 38 1534 30
56 1466 199 1532 Laetitia
223 1491 298 1534 mox
322 1469 411 1535 dicta
434 1470 522 1553 capit
545 1470 688 1554 repletus
710 1469 816 1554 inani3

55 1556 134 1621 Inde
158 1557 225 1621 suis
249 1562 357 1622 astare
380 1558 472 1624 iubet
496 1558 724 1642 conspectibus
747 1558 847 1623 illam.

55 1643 111 1709 Fit
133 1646 289 1730 strepitus
313 1652 461 1712 currente
485 1669 596 1731 manu,
620 1649 815 1729 properatur
837 1647 879 1710 ad
901 1647 1021 1731 ipsam3

56 1733 245 1799 Adductum
266 1734 383 1814 fuerat.
424 1735 570 1799 Primum
593 1736 773 1817 temptatur
796 1735 910 1800 amicis

56 1821 230 1906 Alloquiis,
251 1827 328 1906 post
350 1824 409 1888 illa
432 1823 529 1890 minis
552 1826 694 1887 terretur
717 1823 758 1887 ab
783 1822 874 1888 ortis.

10 1927 37 1976 35
57 1908 131 1974 Stat
154 1910 239 1994 lapis
261 1911 322 1976 illa
345 1913 434 1977 velut
456 1933 618 1996 nusquam
642 1909 765 1975 deflexa
787 1911 922 1976 molaris

55 1999 166 2063 Arbor
190 2003 223 2062 et
245 2000 431 2065 innumeros
454 2000 590 2083 longum
612 1999 749 2064 fundata
771 2021 830 2084 per
852 2022 955 2065 annos

56 2087 166 2152 Massa
190 2089 280 2153 velut
302 2088 401 2174 rigidi
423 2110 550 2153 necnon
572 2088 705 2152 intunsa
728 2089 868 2153 metalli:

56 2174 126 2239 Nec
148 2176 287 2240 blandus
312 2176 473 2242 demulcet
496 2199 581 2261 eam,
603 2198 663 2241 nco
687 2197 793 2242 sermo
818 2199 949 2243 severus

57 2264 158 2329 Aroet
182 2265 223 2329 ab
246 2265 386 2350 incepto.
423 2265 543 2349 Quam,
566 2266 643 2330 dum
666 2268 815 2352 constare
837 2269 990 2351 parentes

10 2352 213 2418 >coemeret
236 2353 325 2418 illius
350 2353 454 2438 dictis,
478 2352 607 2418 adfatur
629 2353 783 2436 inermus,

56 2441 102 2505 Et
126 2440 203 2524 quia
225 2441 293 2506 vim
317 2441 441 2506 deferre
464 2446 556 2508 vetat
578 2443 730 2526 prosapia
750 2442 856 2526 fortis,

56 2528 250 2594 Nobilitatis
276 2534 368 2594 erant
392 2530 552 2614 siquidem
574 2532 700 2596 satione
724 2531 864 2615 suborti,

56 2615 160 2701 Culpa
183 2619 221 2682 fit
245 2619 333 2683 alma
353 2619 443 2700 fides,
465 2640 584 2683 nomen
608 2618 800 2683 denomino
824 2616 957 2686 Christi.
1086 2637 1140 2687 rs*

56 2705 212 2771 Fluxerat
234 2707 295 2771 illa
318 2707 386 2772 dies
410 2707 506 2772 dictis
530 2709 725 2790 consumpta
747 2706 900 2772 vicissim.

10 2811 37 2860 >5
57 2793 172 2858 Altera
196 2816 270 2860 cum
293 2796 399 2879 fieret,
421 2794 573 2860 Phoebus
597 2795 675 2858 dum
696 2793 848 2859 funderet
870 2800 961 2861 ortus

56 2881 222 2965 Lampade
244 2883 425 2970 terrigenas
448 2884 586 2948 necdum
608 2885 755 2947 torrente
778 2883 906 2967 caloris,

58 2968 298 3055 symphronius
321 2973 389 3036 iam
411 2972 558 3037 membra
581 2974 690 3056 parat,
713 2975 879 3036 certamen
902 2971 1018 3037 aditur.

57 3058 256 3123 Invincenda
279 3060 377 3123 minis
400 3081 512 3124 rursus
536 3059 729 3142 temptanda
751 3058 897 3123 remissis

57 3146 193 3211 Sistitur
217 3151 292 3212 ante
315 3148 428 3213 ducem
451 3147 601 3232 precibus
624 3150 696 3211 tum
719 3146 812 3231 uirgo
835 3146 962 3230 pudica.

10 3252 37 3302 ro
57 3235 148 3300 Tunc
171 3236 290 3300 iterum
313 3240 411 3322 atque
433 3236 553 3300 iterum
575 3238 725 3320 repetens
749 3234 868 3300 devota
890 3235 1056 3300 monebat:

130 3444 344 3501 79‘Simfronii’
390 3449 424 3499 88
436 3443 604 3514 ‘phariseus'
653 3443 836 3500 91‘adstarc’
855 3455 859 3461 ·
881 3441 1000 3500 100“·”“
1055 3441 1069 3454 “

59 3521 109 3572 105
126 3514 258 3587 ‘phebus'
317 3522 367 3572 107
384 3513 573 3569 ‘Simfronins’
