2354 3946
555 847 596 920 V.

209 1005 450 1087 OARMEN
478 1004 556 1086 DE
586 1005 628 1090 S.
648 1003 948 1104 QUINTINO.

496 1167 658 1178 --.-

69 1285 223 1353 Fortuitu
244 1285 374 1370 imperii
397 1290 589 1372 suggestum
606 1286 712 1352 totius
737 1290 831 1352 atmx
1103 1296 1150 1349 ru

42 1418 46 1425 ·
71 1374 192 1442 Caesar
215 1380 249 1441 et
271 1376 442 1461 Augustus
467 1375 624 1440 foedabat
645 1374 734 1442 Nero
757 1374 926 1461 nefandus,

70 1464 191 1531 Martia
215 1465 272 1549 qui
293 1464 450 1530 innocuos
473 1468 588 1530 eontra
610 1465 749 1550 populos
772 1465 860 1550 rapit
883 1487 977 1531 arma

71 1556 180 1638 Atque
202 1576 331 1620 erucem
354 1553 452 1619 Petro
475 1553 551 1618 fixit
569 1552 771 1636 Paulumque
794 1553 910 1619 recidit

36 1658 52 1707 o
71 1643 160 1710 Ense
184 1665 256 1709 suo:
285 1643 347 1707 tali
369 1643 502 1727 capiunt
525 1642 679 1707 caelestia
702 1641 768 1706 leto

70 1732 117 1798 Et
140 1733 239 1798 saeoli
263 1731 427 1797 dominam
451 1733 628 1796 sanxerunt
650 1751 788 1813 corpora
809 1729 965 1815 Romam,

72 1820 142 1896 Quo
165 1843 233 1888 non
257 1843 354 1887 saeva
376 1842 515 1886 noverea
536 1819 635 1904 foret,
659 1818 716 1882 sed
737 1822 844 1883 mater
865 1819 1016 1886 honesta

73 1909 161 1987 Quos
184 1910 262 1975 lieet
285 1909 399 1975 infelix
421 1910 507 1975 latro
532 1908 676 1972 misisset
698 1906 848 1991 Olympo,

71 1997 169 2064 Haud
187 2003 298 2063 tamen
315 1999 394 2063 urbs
413 2000 549 2082 antiqua
568 1997 676 2079 deum,
700 2017 795 2081 quem
817 1999 957 2061 noverat
976 2020 1085 2083 unum,
1101 2016 1115 2056 r.
1126 2001 1154 2054 u'

19 2103 53 2153 10
72 2086 230 2171 Deliquit,
255 2087 311 2150 sed
335 2108 416 2169 quos
439 2087 560 2170 potuit,
583 2085 784 2170 baptismate
807 2085 906 2149 tinxit

72 2174 264 2256 Direxitque
287 2173 368 2237 loeis
391 2174 601 2259 paedagogos
625 2178 723 2259 atque
746 2177 912 2256 patronos.

73 2261 251 2327 Subsedere
275 2260 406 2343 quidem
429 2262 554 2343 priseae
576 2263 717 2349 vestigia
739 2261 863 2326 fraudis

72 2348 237 2416 Doctrinis
261 2349 436 2414 commixta
458 2349 552 2415 novis
576 2352 767 2436 quantisper
785 2351 904 2437 eidem3

72 2437 160 2504 Nam
183 2437 261 2501 urbs
284 2436 348 2501 fuit
370 2439 450 2505 haec
468 2441 641 2525 perplura
662 2462 821 2506 annorum
839 2444 990 2525 tempora
1009 2463 1087 2506 sane

20 2545 53 2592 15
73 2525 268 2592 Sanctorum
291 2529 440 2612 genetrix
463 2533 497 2594 et
519 2530 653 2595 testium
677 2530 758 2593 dura
780 2528 942 2612 neoatrix,

71 2614 119 2681 Ut
141 2615 196 2699 pia
219 2617 323 2680 mater
347 2617 446 2704 alens,
468 2623 507 2684 ut
530 2641 626 2684 saeva
648 2639 788 2683 noverea
811 2618 988 2682 reflectens

72 2703 162 2769 Haeo
185 2703 326 2788 reliquas
350 2707 436 2771 inter
458 2711 589 2771 tantum
612 2708 711 2790 eaput
734 2706 851 2769 extulit
873 2707 980 2791 urbes,

73 2791 237 2868 Quantum
260 2791 437 2859 Latonides
461 2800 625 2859 astrorum
647 2793 819 2876 praevenit
841 2794 944 2877 ignes.

72 2881 204 2946 Interea
227 2882 387 2965 siquidem
411 2882 523 2946 multis
544 2880 754 2967 vergentibus
779 2881 872 2944 aunis

20 2986 54 3035 2ο
72 2967 161 3034 Urbs
184 2970 251 3035 iam
274 2971 362 3036 dieta
383 2970 472 3036 viros
496 2971 584 3034 olera
607 2969 647 3033 de
671 2969 773 3052 stirpe
795 2973 922 3034 creatos

73 3057 130 3122 Bis
155 3059 269 3144 genuit
292 3082 396 3141 senos,
418 3080 476 3143 per
499 3078 580 3142 quos
603 3057 761 3137 miracula
785 3055 900 3122 Gallos

74 3145 189 3210 Adfari
211 3153 283 3229 tua,
306 3171 363 3213 rex
384 3145 561 3230 benedicte,
585 3144 672 3228 deus,
693 3144 838 3210 voluisti.

73 3289 288 3299 ——-....—....*

145 3361 162 3409 2
178 3354 284 3410 ‘Cesar’
302 3355 441 3411 ‘fedabat’
493 3352 654 3410 t‘eelestia
671 3351 759 3407 loeto’
808 3361 824 3409 6
840 3314 932 3407 ‘secli’
951 3351 1087 3422 ‘corpore'

75 3425 255 3496 8‘0limpho'
314 3433 346 3482 11
363 3426 548 3498 ‘pedagogos’
606 3429 639 3478 13
660 3423 784 3492 ‘quantis
802 3423 863 3495 per'
920 3424 954 3472 22
976 3421 1086 3480 ‘Affari'
