2354 3946
87 155 107 218 8
165 155 187 209 1.
214 152 340 209 PASSIO
360 152 531 251 sanarat
549 151 595 207 ET
615 151 722 208 PAULI
741 152 1020 208 APOSTOLORUM.

16 335 67 383 195
87 316 185 382 Haud
208 316 476 401 aliterprinoeps
499 314 671 380 frendebat
693 315 789 379 corde
812 314 985 399 malignus,

131 405 226 481 Quod
248 405 312 470 sibi
333 405 498 489 nequitiae
521 404 626 469 cernit
649 404 763 467 abesse
785 425 908 488 parem,

86 495 314 578 Pastoresque,
337 494 410 576 pius
433 493 544 578 posuit
567 514 648 577 quos
671 495 785 576 pastor
808 492 899 570 ovili,

131 582 250 646 Terrae
272 581 401 647 auferre
421 585 536 666 parat,
559 580 632 664 quis
656 580 744 645 dedit
768 580 867 663 <ille>
890 580 1010 664 polum.

86 671 180 735 10000
202 671 344 753 nefanda
361 674 479 736 tonant
497 669 684 753 comprendi
701 669 830 753 iamque
849 668 1010 753 iubentur,
1120 690 1134 729 f.
1147 682 1169 731 av

16 776 68 825 200
132 758 287 844 Corporis
311 765 348 824 ut
370 781 473 823 nexus
496 760 566 824 rita
587 756 751 841 relinquat
774 779 885 824 ovans.

86 847 156 912 Nec
179 849 378 913 tamenlista
401 848 496 912 timet
518 846 635 910 Petrus
658 845 862 930 Romamque
885 847 1051 931 relinquit,

130 935 181 1000 Ne
205 942 348 1020 paveant
369 937 452 1020 nati,
476 935 563 1019 quod
584 934 713 1017 cupiere
736 939 879 1017 patrea
956 990 959 994 ,

87 1022 173 1087 Grex
195 1026 309 1088 tremit
330 1027 430 1107 atque
452 1025 548 1088 timet
564 1025 740 1106 ⁴pastorem
760 1023 896 1106 perdere
919 1043 1084 1108 magnum,

130 1111 181 1176 Ne
205 1113 256 1176 leo
278 1113 400 1197 perdat
418 1133 493 1175 eum
514 1110 659 1194 undique
678 1109 793 1174 fraude
814 1111 964 1176 fremens.

15 1216 67 1265 200
87 1197 232 1284 Supplex
255 1207 333 1285 e'rgo
355 1221 468 1283 preces
492 1200 620 1282 allegat.
637 1198 910 1284 rocabenignus,

131 1286 251 1352 Cedere
268 1310 314 1352 ’00
337 1290 450 1374 pigeat
473 1291 628 1372 tempore,
643 1309 734 1371 rure,
756 1288 838 1352 loco.
874 1316 877 1321 ·

85 1375 145 1440 1110
168 1376 356 1441 recordatur
379 1377 478 1442 'verbi'
494 1377 553 1440 sub
578 1380 686 1440 mente
709 1377 843 1461 reposti,

130 1463 223 1539 Quod
246 1465 308 1529 sibi
332 1465 485 1530 Christus
509 1465 570 1531 ait:
593 1463 827 1530 ‘Commoriere
850 1462 950 1529 mihi'

85 1552 240 1617 Praebuit
263 1554 606 1619 invitusconsensum
627 1553 743 1618 Petrus
767 1553 881 1618 amicis

14 1658 66 1706 210
129 1642 174 1706 Et
197 1643 290 1707 iuvat
312 1644 476 1708 interdum
499 1643 579 1708 urbe
602 1641 730 1707 referre·
745 1643 870 1726 pedem.

84 1729 190 1795 Nocte
215 1732 273 1796 sub
298 1732 437 1797 obscura
459 1733 615 1798 collectos
638 1730 779 1814 undique
802 1729 921 1794 fratres

128 1818 200 1883 Hos
223 1842 334 1884 coram
359 1821 548 1906 alloquitur,
571 1820 683 1885 oscula
706 1823 819 1884 sancta
842 1819 950 1884 dabat.

84 1907 285 1992 Alloquitur,
308 1910 457 1994 roborat,
479 1909 632 1974 hortatur
655 1912 688 1972 et
709 1908 844 1972 instruit
867 1929 979 1973 omnes

129 1994 195 2060 Sub
219 2001 314 2061 nocte
338 2002 371 2062 et
394 2002 466 2062 tota
489 1998 614 2062 semina
637 2001 751 2062 sancta
775 1997 864 2061 serit.

14 2100 65 2149 215
84 2083 213 2149 Aurora
236 2084 401 2150 Oceanum
424 2108 497 2150 oum
519 2086 681 2168 linqueret
705 2085 781 2148 alba
803 2083 1000 2169 profundum

128 2171 174 2235 Et
196 2195 325 2238 roseam
348 2174 465 2237 faciem
489 2175 660 2257 spargeret
682 2193 720 2235 ac
743 2172 861 2255 radios,

84 2261 248 2345 Apparuit
272 2261 403 2326 sibimet
426 2258 576 2325 Christus
600 2259 660 2323 sub
684 2260 827 2344 imagine
850 2262 948 2343 certa,

130 2347 233 2423 Quam
257 2352 378 2414 certam
403 2369 442 2412 ex
464 2369 526 2411 000
548 2350 684 2411 noverat
707 2369 777 2411 esse
801 2346 873 2411 sibi.
917 2375 920 2379 ⁷

84 2436 276 2502 Luminibus
300 2437 416 2501 mersis
440 2457 536 2501 curvo
561 2457 617 2500 seu
640 2435 766 2519 poplite
789 2439 910 2499 terram

14 2541 66 2590 220
128 2524 276 2590 Membra
297 2528 429 2609 repente
453 2528 671 2610 petrmtssroce
692 2528 831 2608 rogante
854 2525 922 2608 pia:

85 2612 166 2688 ‘Quo
185 2614 465 2698 tendis,2domine,
488 2613 654 2678 ocaelum
675 2615 861 2698 terramque
879 2614 985 2697 reples
1006 2615 1095 2698 quil’

127 2700 192 2766 Hic
216 2699 367 2767 Christus
390 2702 497 2767 reddit
520 2723 665 2788 congrua
687 2702 788 2766 verba
811 2702 961 2787 loquens:

83 2789 242 2856 ‘Advenio
266 2790 407 2856 Romam
423 2791 575 2877 crucifigi
598 2793 706 2856 morte
727 2790 887 2856 secunda?
1115 2811 1130 2850 r.
1145 2806 1168 2852 or

128 2879 213 2944 Nam
236 2879 375 2943 moritur
398 2881 553 2944 membris
577 2879 721 2969 pascitur
743 2879 841 2962 inque
866 2881 941 2944 suis.

11 2983 63 3033 220
84 2966 235 3032 Advertit
256 2966 375 3033 Petrus
398 2968 522 3038 domini
545 2990 580 3033 00
603 2989 681 3033 voce
703 2968 812 3032 notari

126 3056 281 3121 Protinus
305 3061 338 3121 00
361 3060 513 3142 coeptum
535 3057 681 3140 linquere
704 3056 812 3140 coepit
835 3056 907 3119 iter.

85 3143 181 3210 Urbis
205 3145 254 3209 uti
276 3150 389 3231 portas
413 3168 580 3211 murorum
604 3148 636 3208 et
658 3144 801 3209 claustra
824 3144 955 3228 petivit,

155 3373 289 3428 198‘a'lle’
306 3372 352 3427 vu
371 3372 462 3426 simne
481 3335 595 3440 aliquos
613 3371 731 3427 vertum
750 3368 855 3425 exam
915 3373 1000 3424 reor
1017 3370 1092 3423 ‘con-

80 3441 191 3508 prendi’
249 3449 301 3497 206
317 3444 456 3498 ‘caedere’
514 3448 565 3498 202
582 3443 719 3498 ‘Prebuit’
776 3446 828 3495 218
849 3440 983 3495 ‘murum’
1040 3446 1092 3495 219

82 3511 213 3581 ‘poblite’
278 3520 330 3568 226
352 3514 486 3586 ‘ceptum'
506 3518 527 3566 B
549 3513 665 3584 ‘caepit‘
