2354 3946
104 178 168 243 142
347 178 421 237 VIII.
454 176 607 234 OARMIIN
630 177 677 231 DE
702 178 729 233 S.
749 176 868 236 LUCI&

102 341 277 407 Adduntur
299 342 409 427 plures
434 345 466 406 et
480 340 635 406 cannabe
657 340 788 406 vincula
810 343 987 428 torquent3

102 430 181 496 Inde
205 433 305 497 boum
328 431 406 517 iuga
429 430 593 495 subiciunt
616 429 758 514 aptanda
781 428 887 493 labori

103 520 264 605 Plurima,
287 541 370 604 quae
393 524 558 603 nequeunt
580 519 716 583 infixum
739 521 856 582 cuneta
880 539 1020 584 movere

103 608 264 693 Montem,
288 631 384 692 quem
409 608 531 672 domini
556 606 711 672 solidavit
734 607 867 670 dextera
891 605 1005 692 fortis,

31 713 85 764 466
103 698 149 763 Et
173 698 321 762 meminit
344 697 412 762 eius
435 697 486 760 his
510 696 631 781 psalmi
654 696 826 761 harmonia
848 695 977 760 verbis:

105 786 155 850 ‘In
178 787 309 851 domino
333 791 388 870 qui
412 785 591 869 confidunt,
614 788 652 849 ut
676 784 819 849 culmina
843 780 939 869 Sion3

103 874 276 940 Inhabitat
298 876 353 959 qui
376 873 568 957 Ierusalem,
590 894 657 938 non
679 873 816 938 fluctuat
838 871 1011 956 unquam?

104 963 178 1028 Heu
202 964 306 1029 scelus
330 963 475 1026 internos
500 963 611 1027 oculos
635 961 775 1048 ealigine
799 965 923 1045 texens,

104 1050 151 1116 Ut
174 1073 242 1115 non
265 1051 359 1135 signa
383 1051 433 1114 dei
456 1051 589 1115 valeant
613 1050 744 1115 haurire
766 1052 928 1134 patenter,

32 1155 85 1206 476
104 1139 194 1214 Quae
218 1138 376 1223 'quosdam
400 1138 533 1221 durant,
557 1139 715 1223 quosdam
740 1137 867 1203 mollire
890 1139 1094 1222 probantur!

104 1225 156 1291 Sic
178 1226 260 1307 facit
282 1226 369 1311 ignis
393 1226 541 1310 humum,
565 1248 673 1292 ceram
697 1228 773 1292 dum
796 1230 902 1291 torret
925 1231 960 1291 et
984 1251 1082 1296 unus.

105 1314 216 1381 Saevit
240 1313 353 1398 adhuc,
377 1314 453 1378 dum
477 1316 560 1379 mira
583 1315 685 1394 videt,
709 1315 903 1380 Paschasius
928 1338 1044 1384 amens

103 1403 148 1469 Et
170 1404 261 1469 furor
284 1403 373 1468 illius
397 1403 501 1469 maior
524 1404 714 1489 praecordia
737 1404 850 1468 turbat

103 1492 270 1558 Virtutem
294 1492 453 1576 aspiciens
478 1492 715 1578 intabescitque
739 1493 864 1559 rellata.

32 1597 85 1648 476
104 1579 286 1668 Sortilegos
309 1582 400 1646 iubet
423 1582 504 1646 haec
522 1581 636 1646 rimari
655 1581 856 1666 aenigmata,
880 1603 962 1666 quae
984 1584 1061 1666 sint,
1082 1622 1123 1632 —

104 1669 192 1735 Nam
214 1670 299 1735 falsa
321 1673 418 1755 putat
441 1671 494 1734 hic
518 1674 605 1734 artes
629 1670 664 1734 in
687 1670 832 1756 imagine
855 1671 946 1735 volvi
968 1708 1016 1718 —

104 1757 379 1844 Templorumque
403 1759 588 1824 sacerdotes
612 1781 687 1823 mox
711 1758 822 1823 adfore
845 1762 992 1844 cunctos,

105 1845 139 1912 Si
163 1871 227 1933 qua
252 1849 388 1914 adversa
411 1849 529 1930 latent,
555 1851 590 1912 ut
614 1847 665 1911 his
688 1847 796 1912 iurata
819 1846 981 1914 recedant.

103 1936 179 2003 Non
202 1941 313 2003 tamen
336 1937 371 2000 hi
393 1940 533 2022 possunt
555 1958 668 2000 omnes
692 1936 829 2001 evellere
854 1939 1010 2002 stantem.

32 2040 85 2091 480
105 2025 190 2103 Quid
213 2027 314 2091 iactet
337 2047 450 2090 caecus
473 2024 616 2089 tenebris
640 2025 811 2089 immersus
835 2025 955 2108 opacis,

105 2114 236 2199 Accipe,
258 2114 371 2196 lector,
395 2116 428 2176 et
451 2114 593 2177 insulsus
618 2135 691 2197 quc,
715 2113 833 2197 conice,
856 2113 978 2177 tendat.

104 2201 242 2267 Artibus
266 2203 441 2285 impugnat
464 2202 606 2284 firmam,
630 2202 658 2265 si
681 2201 777 2284 forte,
801 2201 996 2286 columnam,

103 2288 238 2353 Vertere
262 2287 367 2370 possit
390 2309 475 2351 eam:
503 2288 586 2351 nihil
610 2291 673 2373 est,
697 2291 782 2372 quod
806 2289 935 2374 uttitur3
960 2292 1031 2358 eius

105 2375 236 2440 Corruit
258 2375 439 2460 ingenium,
463 2376 627 2441 descendit
650 2378 787 2461 inusque
810 2378 1019 2464 profundum.

32 2482 84 2532 466
105 2463 204 2540 ‘Quae
224 2467 282 2530 tua
301 2463 400 2548 sunt,'
419 2466 540 2550 inquit,
560 2463 651 2531 ‘haec
670 2467 802 2531 condita
820 2466 1122 2537 machinamenta?

104 2553 190 2619 ‘Non
214 2556 301 2620 mala
324 2559 400 2619 sunt
423 2555 501 2620 haec
525 2555 605 2641 ulla,
629 2555 680 2621 dei
704 2556 869 2641 magnalia
892 2555 949 2621 sed
973 2559 1072 2625 sunt?

104 2639 157 2706 Sic
181 2645 284 2709 stulto
307 2645 491 2710 veneranda
514 2646 566 2710 dei
588 2646 755 2730 responIIt
778 2645 890 2710 amica.

103 2729 262 2797 Omnibus
286 2733 342 2797 ille
361 2733 456 2799 b'onis
476 2739 645 2800 vacuatus:
669 2733 767 2811 ‘Quid
786 2734 849 2799 sibi
867 2733 940 2798 vult
963 2734 1067 2822 haec,'
1097 2753 1169 2799 rarsi

103 2819 196 2884 Dixit
220 2821 312 2904 item,
336 2820 435 2907 ‘quod
458 2827 500 2906 te,
523 2823 676 2908 fragilem
696 2827 906 2907 teneramque
924 2824 1086 2910 puellam,
1131 2825 1169 2867 ⁰⁰¹·

31 2923 85 2973 490
103 2906 193 2999 Mille
217 2911 352 2975 trahant
373 2910 522 2977 homines
547 2914 579 2974 et
602 2932 668 2975 non
691 2913 820 2994 penitus
845 2911 1043 2976 movearis?

175 3126 227 3174 465
248 3120 396 3175 ‘armonia’
453 3125 505 3174 466
526 3118 617 3187 ‘syon’
675 3122 725 3172 467
748 3117 903 3186 ‘umquam’
960 3124 1014 3176 468
1036 3122 1121 3178 ‘inter

102 3189 163 3243 uos’
195 3191 314 3245 ‘texens'
344 3207 394 3260 pro
424 3189 580 3245 ‘obtexens'
610 3188 716 3243 dictum
744 3189 855 3243 videtur
935 3197 988 3245 472
1007 3188 1117 3248 ‘Seuit’

103 3264 156 3314 473
177 3260 345 3327 ‘precordia'
410 3266 463 3317 475
489 3259 668 3329 ‘sortilogos’
696 3259 863 3329 ‘enigmata’
929 3267 981 3317 477
1003 3262 1117 3318 ‘affore’

102 3333 156 3386 478
180 3331 298 3386 ‘atrata'
363 3337 416 3387 480
441 3332 543 3403 ‘Quod’
571 3330 730 3385 ‘inmersus'
791 3337 843 3386 482
869 3329 1030 3401 ‘inpugnat'
1059 3335 1118 3390 ‘co-

102 3400 259 3472 lumpnam’
311 3407 364 3458 484
381 3403 538 3474 ‘Ingenium
558 3401 671 3457 corruit’
688 3401 870 3470 transpositIo
890 3401 999 3473 inipso
1019 3405 1118 3460 codice

102 3471 230 3528 indicata
247 3472 359 3528 videtur
378 3474 420 3528 ‘in
439 3475 538 3544 usque’
595 3477 647 3528 488
663 3471 755 3526 ‘haec'
778 3475 828 3526 aut
847 3473 918 3526 ‘hoc'
939 3472 1118 3530 scribendum

104 3547 159 3617 est,
178 3547 227 3602 aut
246 3544 313 3600 ‘res'
334 3543 420 3600 simul
438 3543 609 3600 audlandum
