2422 3976
432 86 480 145 IV.
508 87 596 143 VITA
615 89 643 144 S.
662 87 827 144 AGNETIS.

121 251 254 335 Osoula,
277 252 415 317 virtutes
438 251 582 335 reliquae
604 250 809 315 famulantur
832 254 865 314 et
887 250 992 336 ipsae3

120 340 287 425 Angeliois
311 341 435 404 inserta
459 339 565 404 choris
588 341 737 422 praelata
759 342 930 404 tonantem

68 447 101 495 10
122 429 291 493 Virtutum
314 429 427 513 regina
449 428 540 492 velut
564 429 730 493 comitaris
754 433 894 493 euntem.

122 516 238 582 Cetera
260 540 336 582 nam
359 517 536 600 proprium'
553 516 678 581 meritis
703 516 807 580 defixo
831 517 961 581 sacellis

120 607 245 671 Haeret
266 605 416 671 habendo
441 606 538 670 deous
561 606 721 670 virtutum
744 606 842 670 turba
865 605 996 691 salutis;

120 694 240 759 Munda
263 699 363 777 tenes,
385 694 553 758 immunda
575 693 671 778 fugas
690 693 777 778 quod
800 716 927 778 semper
950 696 984 759 in
1006 695 1115 780 horas,

120 783 221 848 Astra
245 788 334 848 satos
357 784 473 847 tellure
495 782 578 847 facis
602 782 757 847 castando
782 784 900 847 subire.

69 891 101 940 15
120 872 189 936 Has
212 894 286 936 reor
309 871 464 937 exsortim
487 871 593 935 fasces
617 872 774 935 meruisse
796 871 939 958 pudoris,

120 960 213 1041 Eece,
237 963 323 1044 quod
348 960 495 1024 exhibuit
516 982 575 1044 per
598 965 631 1024 te
655 959 812 1024 miraoula
835 958 959 1026 Christi

120 1048 223 1133 Virgo
247 1049 352 1114 relata
375 1071 486 1133 super:
508 1069 617 1113 rerum
639 1049 837 1133 contempsit
858 1049 1008 1133 honores,

69 1151 75 1162 ·
120 1136 247 1221 Vulgus
272 1143 305 1203 et
327 1138 479 1201 insanum
501 1159 651 1222 proceres
675 1139 842 1221 superavit
864 1139 898 1201 in
923 1160 1034 1222 unum,

120 1226 215 1291 Lucis
239 1227 359 1291 amiota
383 1226 478 1290 stolis
501 1226 654 1290 deturbat
677 1226 718 1290 ab
741 1227 829 1291 intro
853 1227 994 1310 lenones,

68 1335 100 1382 20
120 1314 199 1379 Ulta
223 1316 327 1380 soelus
350 1318 427 1399 post
450 1315 597 1379 membre.
619 1314 708 1379 levat
731 1315 769 1379 de
792 1320 897 1379 morte
920 1315 1045 1400 ooduoi,

120 1403 226 1468 Tensa
250 1426 374 1486 manus,
398 1403 499 1467 effusa
521 1425 642 1488 preces,
666 1402 787 1469 amissa
809 1426 957 1469 cruorem

121 1493 289 1576 Altipetax
312 1515 350 1557 ex
373 1494 450 1578 igne
472 1493 566 1577 polos
589 1493 744 1578 migravit
766 1494 800 1557 in
823 1494 917 1557 altos.

169 1773 172 1779 .
190 1709 241 1757 411
264 1703 405 1789 ‘Castore’
462 1707 514 1757 415
535 1703 686 1757 ‘exortim’.
