2354 3946
74 174 138 238 116
352 171 427 263 m,
441 170 567 228 PASSIO
587 170 614 227 S.
632 169 808 227 sanum.

73 334 145 400 Quin
165 333 251 388 etiam
271 349 355 404 pecus
375 348 457 387 omne
477 332 552 402 perit
568 347 620 386 nec
639 331 734 387 vivere
753 329 847 390 iuvat.

72 405 133 459 Huc
152 406 261 460 ratione
279 404 322 464 tui
341 404 464 458 cultores
483 402 608 457 numinis
627 418 724 458 omnes

73 477 142 530 Esse
162 476 302 543 suadebis,
321 475 346 529 si
364 474 456 529 victus
475 474 559 529 cedat
577 471 625 527 bic
644 472 766 543 angnis.’

72 547 124 601 His
142 553 224 618 pater
242 546 375 600 Arnulfns
395 545 515 614 expletis
535 543 684 608 ‘Scilicet’,
702 544 809 614 inquit,

75 619 170 673 ‘Posse
190 618 269 672 dedit
287 615 413 672 Christus
432 614 561 670 credenti
580 614 693 686 singola
710 631 850 685 quaeque.

74 690 195 758 imperio
214 689 274 743 solo
293 686 371 741 valet
388 687 435 742 hic
453 690 633 756 transponere
650 691 771 754 montes,

75 760 105 814 si
124 760 188 813 fidei
207 760 280 814 dono
299 759 392 813 fervet
410 758 515 827 sinapis
535 758 572 812 ad
590 758 685 812 instas

74 831 161 899 quue
180 848 231 900 per
250 830 385 899 ambages
404 831 454 883 aut
472 829 558 898 longa
576 827 692 884 exordia
709 829 776 883 nolo

75 901 215 956 Tendere:
235 902 380 955 ductorem
399 901 511 969 praebe,
531 899 580 967 qui
599 898 707 968 diriget
722 898 794 953 illnc

76 973 122 1040 Os,
142 973 190 1027 ubi
210 974 354 1026 contortus
374 987 434 1025 sese
453 969 545 1024 melus
563 970 618 1024 iste
636 971 785 1039 receptet!

76 1041 195 1097 Ducitur
214 1059 280 1110 ergo
299 1042 381 1110 pater
399 1040 601 1110 praeeuntibus
619 1041 656 1094 ad
674 1042 738 1096 loca
755 1041 826 1097 nota

75 1112 214 1166 Militibus
232 1111 336 1176 tribus3
356 1111 386 1164 hi
405 1111 529 1166 latebras
548 1111 646 1166 statim
663 1110 757 1167 indice
775 1115 948 1170 monstrant.

75 1182 142 1236 Viso
161 1197 253 1250 angue
272 1181 296 1234 is
317 1198 346 1236 se
366 1183 466 1236 sternit
484 1181 563 1237 humi
582 1181 784 1252 dominumque
800 1185 938 1252 precatur

76 1253 217 1320 Amulius,
238 1253 281 1306 vir
301 1253 485 1321 signipotens,
504 1252 626 1308 frontem
645 1270 727 1308 cruce
746 1253 851 1322 munit;

76 1323 223 1393 Exsurgit,
241 1324 307 1377 fidei
326 1340 411 1392 quem
428 1324 532 1378 thorax
549 1323 663 1379 fortiter
681 1325 786 1392 armat,

77 1398 108 1450 ln
127 1396 281 1449 monstrum
298 1396 361 1449 visu
380 1396 559 1450 horrendum.
598 1395 680 1460 Quod
698 1395 819 1464 denique
837 1398 927 1455 verbo

76 1467 248 1536 Aggreditur
267 1465 332 1522 tali:
355 1465 419 1520 ‘Per
437 1483 540 1520 nomen
559 1465 790 1536 cunctipotentis,

77 1539 130 1605 Qui
148 1556 227 1594 meus
246 1541 291 1593 est
309 1535 448 1603 dominus,
468 1535 596 1592 Christus
616 1539 742 1593 salvator
759 1536 848 1607 Iesus,

76 1609 147 1665 Dico
166 1608 233 1664 tibi:
253 1609 372 1663 lamiam
391 1611 452 1662 tota
470 1606 583 1662 feritate
601 1607 701 1663 relicta

77 1681 121 1734 Ad
140 1696 185 1733 me
203 1679 321 1734 festines
340 1679 441 1732 humili
460 1678 568 1733 cervice
588 1680 722 1734 serenus)

79 1749 132 1817 Qui
151 1755 233 1820 paret
251 1753 348 1804 statim
368 1749 483 1816 faciens,
502 1749 690 1818 quodcunque
707 1750 830 1806 iubetur.

78 1825 117 1876 At
135 1822 241 1876 domini
259 1821 382 1876 famulus
402 1821 507 1874 collum
526 1819 712 1877 circumdedit
731 1822 790 1876 eius

77 1892 185 1962 insigni
205 1893 277 1948 stola
296 1893 433 1960 iussitque
452 1890 582 1945 incedere
600 1894 666 1960 post
683 1908 726 1959 se;

78 1962 173 2017 Iussus
192 1963 270 2018 abire
288 1962 387 2033 procul
405 1978 545 2031 nusquam
563 1962 730 2017 manifestos
749 1962 880 2018 habetur.

80 2033 140 2099 Quo
161 2036 241 2103 signo
260 2035 347 2088 flexus
367 2050 416 2087 rex
435 2034 520 2101 atque
539 2033 677 2088 exercitus
696 2034 756 2088 eius

80 2105 223 2160 Cervicem
243 2105 340 2159 duram
361 2103 532 2158 submittunt
551 2104 662 2172 legibus
681 2104 764 2159 almis

80 2175 289 2242 Consiliumque
308 2175 363 2228 viri
381 2175 507 2243 gaudent
525 2174 642 2242 implere
661 2175 748 2231 beati.

79 2245 198 2299 Desinat
216 2245 262 2298 hic
281 2243 367 2312 paulo
387 2242 510 2298 calamos
529 2244 627 2299 inflare
646 2247 755 2302 Thalia.

177 2407 210 2414 -
228 2374 353 2444 Explicit
370 2374 444 2431 liber
462 2376 570 2431 tertius.
609 2377 714 2448 incipit
732 2379 804 2435 liber
821 2384 949 2448 quantus.
969 2412 1005 2423 -

80 2474 234 2542 Postquam
253 2489 297 2528 res
317 2473 357 2527 sic
377 2474 458 2542 gesta
477 2473 556 2545 dedit
575 2491 649 2529 nova
668 2478 753 2532 corda
771 2477 905 2533 modestis

80 2544 268 2614 Principibus,
287 2546 366 2600 volat
384 2544 507 2599 edictum
527 2546 584 2600 cito
603 2547 677 2615 regis
696 2550 731 2602 ab
750 2565 810 2602 ore:

82 2616 247 2671 Concutitur
264 2634 397 2686 regnum,
417 2623 499 2671 sonat
517 2618 653 2673 ecclesiae
672 2621 748 2672 salus
766 2618 876 2692 <una>3

81 2688 167 2757 Regis
186 2689 221 2741 ad
241 2689 389 2758 imperinm
410 2688 487 2743 cadit
507 2691 597 2745 omnis
615 2689 689 2745 falsa
707 2692 823 2746 deorum

81 2759 138 2813 Lex
157 2758 283 2827 ritusque
304 2762 391 2828 vetus,
412 2763 441 2815 et
460 2778 531 2830 quae
551 2762 605 2816 sibi
623 2763 748 2834 repperit
767 2778 844 2816 error

84 2830 204 2885 Gentilis
224 2831 361 2884 scelerum
381 2834 525 2902 contagia,
543 2833 643 2903 iusque
664 2837 777 2889 beatum

83 2900 219 2972 Erigitur,
238 2906 347 2957 veteres
366 2919 441 2957 nova
459 2905 504 2958 lex
522 2907 693 2961 exterminat
711 2906 832 2961 umbras.

83 2972 216 3028 Abluitur
234 2973 342 3044 primus
361 2989 410 3026 rcx
430 2977 502 3029 sacri
521 2976 608 3030 fontis
626 2978 655 3029 in
673 2993 756 3028 amne

83 3043 160 3098 Uxor
179 3046 208 3099 et
226 3045 311 3112 illius,
331 3045 444 3098 suboles
462 3046 529 3100 hinc
548 3045 637 3098 omnis
656 3060 764 3107 eorum,

84 3113 154 3169 Inde
174 3117 287 3170 domum
306 3112 382 3184 regis
401 3117 492 3169 totam
510 3115 689 3181 reliquasque
707 3111 863 3184 phalanges
889 3156 893 3165 ,

85 3184 221 3240 Arnulfus
240 3185 334 3241 laticis
354 3184 495 3239 benedicti
513 3183 585 3238 lavit
602 3183 632 3236 in
650 3181 755 3252 undis]

85 3430 229 3498 concors
254 3437 351 3517 atque
375 3454 475 3498 unum
498 3453 556 3516 per
578 3450 699 3514 pascua
723 3433 838 3514 pastor
861 3436 894 3496 et
917 3458 1011 3503 unus.

87 3517 150 3591 Qui
173 3520 248 3603 tibi,
273 3525 384 3585 sancte
407 3524 510 3606 pater,
533 3519 600 3584 iem
624 3516 761 3582 dierat:
784 3515 899 3602 ‘Euge
921 3523 1027 3591 fidelis
