2354 3946
74 201 126 258 XII
470 198 687 256 PRAEFATIO.

75 363 166 428 sibus
191 360 281 449 (412,
303 363 377 445 632,
396 362 470 446 635,
490 361 570 446 662)
593 365 722 446 praeter
745 382 913 426 caesuram
936 363 1090 447 semiqui-

74 451 202 516 nariam
226 453 330 525 etiam
349 451 630 536 semiseptenaria,
652 452 687 514 in
709 449 815 515 tribus
834 450 982 515 bucolica
999 450 1090 534 (327,

75 541 151 626 370,
169 538 250 628 680)
270 561 342 604 eum
362 542 555 605 concentum
573 538 687 624 habet,
706 539 807 604 semel
826 536 921 626 (338)
940 540 981 605 ab
1000 541 1090 604 omni

75 649 210 693 caesura
241 628 405 693 seiunctus
433 632 492 692 eat.
538 626 753 712 Reliquorum
781 649 932 692 versuum
960 629 1090 693 omissis

76 715 359 801 vigintiduobus,
384 716 420 780 in
443 716 561 801 quibus
585 717 731 801 syllabae
754 738 792 781 ae
815 720 849 781 et
872 739 889 781 e
912 721 1090 801 mutantur,

75 805 246 889 octoginta
269 803 333 870 duo
350 827 468 888 parum
491 805 660 891 eleganter
678 809 876 887 congruunt,
898 827 958 870 neo
980 810 1091 870 tamen

72 893 185 976 plures
200 914 298 978 quam
312 913 431 958 novem
446 890 515 981 (57,
529 894 633 979 [338],
648 895 724 977 358,
741 893 817 977 477,
835 893 911 976 553,
926 893 1001 977 602,
1015 895 1091 976 604,

74 981 150 1066 620,
175 981 250 1066 739,
273 981 353 1066 744,
380 982 498 1066 quibus
521 981 600 1047 609:
631 981 717 1046 enim
743 1017 782 1029 -
806 1003 926 1046 nomen
955 980 1090 1068 adicias)

75 1069 331 1134 consonantibus
366 1073 498 1134 tantum
531 1070 684 1133 extremis
721 1069 971 1134 similitudinem
1009 1071 1091 1135 satis

75 1158 264 1242 ambiguam
288 1157 463 1224 adfectant.
500 1155 695 1242 Saepissime
720 1157 867 1241 syllabae
890 1158 915 1237 i,
938 1158 978 1238 ic,
1001 1159 1040 1239 66,
1064 1160 1093 1222 66

75 1243 200 1333 (tricies
223 1245 353 1332 semel),
376 1268 441 1330 em,
465 1266 518 1329 en,
542 1267 608 1328 ens,
632 1251 688 1310 ent
713 1242 981 1331 (septiesdecies),
1004 1245 1092 1310 inter

75 1355 109 1399 se
136 1335 347 1421 respondent,
374 1336 481 1399 rarius
510 1356 554 1416 er,
577 1341 641 1419 ert,
665 1355 714 1418 66,
737 1337 800 1416 666,
823 1338 857 1398 66
886 1331 1031 1421 (666666),
1061 1357 1091 1419 o,

76 1443 132 1504 on,
151 1443 198 1508 66,
216 1444 280 1507 666,
300 1444 337 1488 06
357 1420 518 1508 (septies),
541 1445 570 1502 a,
593 1445 639 1508 aa,
662 1427 697 1487 at
719 1419 929 1509 (quinquies),
952 1427 1003 1507 ut,
1026 1446 1093 1506 um,

74 1516 148 1596 unt,
170 1533 218 1596 ur,
241 1532 280 1576 us
304 1509 460 1599 (quater).

165 1599 447 1666 Allitterationem
466 1601 535 1665 eius
554 1601 691 1685 generis,
710 1598 797 1684 quod
811 1621 910 1684 supra
924 1599 1093 1685 descripsi·

74 1710 158 1774 mus,
180 1688 309 1789 cirqiter
332 1693 462 1754 centum
480 1689 599 1774 viginti
616 1709 728 1753 versus
746 1687 883 1773 habent,
906 1689 992 1753 inter
1011 1711 1092 1773 quos

74 1777 1092 1952 talzttplsullth:hiiah?lluralltdtllz

74 1952 255 2036 primordia
278 1954 552 2041 praerogativae),
574 1955 633 2039 44,
657 1950 739 2041 (50),
759 1955 811 2037 61,
831 1954 882 2037 76,
905 1955 963 2033 94,
987 1951 1093 2039 (133),

77 2041 142 2108 195
170 2039 233 2129 (Aa
261 2045 291 2108 si
319 2059 395 2107 cum
422 2043 542 2107 catulis
573 2059 689 2108 secura
718 2043 872 2106 cubasset
900 2043 935 2106 in
962 2045 1092 2127 antris,

75 2130 151 2213 200,
170 2129 234 2195 257
252 2127 435 2218 (Dindyma
452 2130 569 2198 demde
587 2131 658 2213 poli
677 2131 788 2213 pulsat
806 2129 979 2195 dulcedine
998 2134 1066 2196 voti
1083 2183 1092 2216 ,

75 2219 152 2302 259,
173 2219 249 2304 269,
271 2216 378 2306 (287),
400 2220 475 2302 360,
498 2217 601 2304 (408),
624 2220 690 2284 544
717 2216 933 2306 (0616665666ιί
956 2217 1090 2283 facilem

74 2307 234 2389 poscebat
255 2324 330 2372 cum
353 2325 449 2390 prece
472 2306 644 2393 frontem),
669 2305 774 2392 (565),
797 2306 872 2386 605,
895 2307 970 2389 697,
995 2309 1068 2372 785.

164 2395 298 2482 Longae
322 2397 469 2480 syllabae
492 2397 528 2461 in
550 2396 613 2461 hoc
632 2417 760 2480 quoque
780 2395 922 2460 carmine
943 2417 1091 2460 nonnun-

76 2504 175 2567 quam
198 2484 429 2571 corripiuntur,
450 2489 488 2550 ut
509 2488 639 2568 praeter
662 2484 848 2569 ecclesiam,
872 2484 963 2548 cuius
987 2485 1092 2550 altera

75 2593 92 2636 e
123 2593 252 2658 semper
283 2574 391 2639 brevis
423 2578 488 2639 est:
520 2573 586 2638 468
615 2570 796 2658 (0366666),
828 2573 894 2637 560
922 2571 1092 2659 (eremus),

76 2661 142 2725 734
169 2659 321 2747 (chriae),
354 2662 419 2728 775
447 2659 686 2748 (Germaniae),
714 2662 829 2726 breves
857 2662 1092 2745 producuntur:

76 2749 141 2814 186
163 2748 296 2832 (chorus
319 2750 355 2815 in
377 2750 488 2838 thesi),
511 2751 576 2816 319
596 2746 713 2837 (nimia
734 2750 769 2813 in
793 2751 859 2814 arsi
883 2754 916 2814 et
934 2754 1093 2835 caesura),

75 2838 142 2903 456
165 2834 368 2921 (6666561666
391 2839 427 2903 in
449 2837 540 2925 arsi),
563 2838 627 2904 519
652 2836 815 2926 (mulieris
837 2837 873 2902 in
896 2838 985 2925 6666).

164 2925 311 2991 Primum
335 2928 440 2992 solum
466 2927 584 2992 horum
607 2949 726 2993 novem
749 2932 940 3010 poematum
962 2933 1093 3011 praeter

75 3013 311 3080 dedicationem
326 3019 360 3079 et
373 3016 612 3099 praefationem
618 3014 716 3080 Vitae
731 3013 761 3078 S.
770 3015 901 3080 Erasmi
913 3013 958 3101 (v.
968 3017 1091 3099 1—68)

74 3102 224 3168 distichis
244 3103 460 3188 compositum
482 3108 541 3169 est.
573 3103 622 3168 Ac
639 3104 839 3187 pentametri
858 3104 997 3186 quidem,
1015 3124 1090 3168 cum

75 3196 212 3275 quartus
236 3196 269 3257 et
293 3192 426 3278 quintus
449 3214 507 3276 pes
532 3213 659 3276 semper
682 3193 805 3275 dactyli
830 3193 910 3276 sint,
932 3191 1013 3255 satis
1037 3211 1089 3254 ac·

74 3284 188 3345 curate
219 3279 300 3346 facti
332 3285 416 3346 sunt
461 3280 508 3345 At
535 3280 640 3345 decies
669 3279 737 3366 (20,
765 3281 818 3363 86,
841 3280 894 3361 90,
919 3279 992 3359 100,
1016 3277 1090 3356 106,

74 3369 155 3452 210,
179 3369 258 3452 250,
280 3369 359 3448 274,
382 3369 462 3451 282,
489 3367 571 3454 340)
603 3368 712 3434 hiatus
744 3370 780 3432 in
812 3389 944 3433 caesura
975 3369 1089 3448 penta-

75 3457 188 3541 metri,
212 3458 313 3522 semel
331 3454 426 3544 (357)
444 3456 480 3520 in
498 3477 633 3521 caesura
651 3458 832 3521 hexametri
851 3454 1090 3538 semiquinaria,

75 3546 178 3610 semel
208 3545 280 3632 (53)
311 3547 347 3611 in
377 3545 484 3631 primo
515 3544 596 3630 pede
628 3545 808 3609 hexametri
841 3544 949 3608 locum
980 3542 1091 3608 habet.

983 3870 1117 3906 *-
