2354 3946
433 919 781 1004 PRAEFATIO.

188 1185 366 1270 Postquam
384 1187 478 1251 annis
497 1186 674 1252 millesimo
693 1186 963 1272 octingentesimo
983 1192 1111 1274 septua-

99 1274 223 1359 gesimo
265 1274 403 1359 septimo
445 1280 478 1340 et
518 1279 635 1341 octavo
675 1277 804 1361 patriae
845 1297 955 1342 amore
996 1277 1111 1344 ductus

98 1362 270 1428 Vualtheri
294 1361 471 1449 Spirensis,
497 1369 614 1450 poetae
640 1362 755 1430 decimi
784 1365 918 1450 saeculi,
940 1363 1053 1431 Vitam
1077 1370 1111 1432 et

97 1453 285 1536 passionem
308 1450 339 1517 S.
359 1450 589 1537 Christophori
610 1451 769 1536 Martyris
796 1453 938 1538 primum
966 1476 986 1519 a
1010 1453 1110 1518 Bern-

98 1541 200 1606 hardo
223 1540 286 1606 Pez
309 1542 344 1605 in
368 1540 536 1608 Thesauro
560 1541 793 1608 anecdotorum
815 1541 993 1609 novissimo
1017 1542 1111 1607 emis-

97 1652 168 1694 sam
201 1652 239 1694 ex
271 1630 379 1696 codice
412 1629 531 1696 Latino
562 1629 751 1696 Monacensi
781 1651 813 1696 n.
841 1631 884 1696 14
895 1630 958 1697 798
991 1630 1112 1696 iterum

99 1719 198 1802 edidi,
225 1719 384 1804 proximis
408 1720 502 1785 annis
526 1717 728 1805 Spirensium
750 1740 859 1784 rerum
882 1716 990 1785 studio
1013 1719 1111 1804 plana

98 1829 117 1870 a
139 1806 267 1873 Latinis
296 1807 394 1873 medii
422 1808 495 1874 aevi
521 1809 639 1874 litteris
663 1830 737 1874 cum
759 1827 880 1891 magno
903 1828 975 1873 meo
1000 1807 1112 1874 dolore

97 1897 267 1961 avocabar.
309 1895 393 1961 Tum
416 1896 658 1962 illustrissimus
681 1897 738 1961 ille
761 1918 799 1961 10
821 1895 1029 1962 doctissimus
1052 1897 1112 1982 vir,

98 1984 149 2050 cui
172 1985 233 2050 has
257 1984 427 2050 schedulas
449 1985 597 2071 piissimo
616 1985 870 2072 gratissimoque
894 1984 1002 2050 animo
1025 1985 1111 2050 dedi·

97 2074 184 2156 cavi,
212 2078 249 2138 ut
273 2073 387 2139 Vitam
415 2072 446 2139 S.
468 2074 601 2141 Erasmi
628 2079 661 2140 et
691 2074 798 2160 ipsam
831 2073 939 2139 codice
971 2072 1111 2160 quodam

96 2161 283 2228 ¹Monacensi
312 2163 408 2228 nobis
436 2168 600 2230 servatam
627 2163 663 2228 in
689 2164 795 2229 lucem
822 2162 952 2228 ederem
978 2185 1031 2228 me
1059 2163 1112 2228 ad·

98 2251 233 2316 monuit.
272 2250 355 2328 Quid
376 2252 461 2338 quod
484 2253 570 2318 idem
594 2252 677 2318 mihi
700 2250 765 2317 alia
788 2250 908 2317 similia
925 2251 1112 2318 litterarum

97 2339 289 2405 Latinarum
325 2340 423 2405 medii
461 2341 534 2407 aevi
570 2345 781 2407 monumenta
818 2340 988 2426 quaerenti
959 2341 1072 2407 ttul
1059 2346 1111 2406 tro

97 2428 295 2513 exemplaria
325 2427 384 2493 Vit
370 2432 478 2494 tarum
515 2427 548 2495 S.
579 2429 721 2515 Agnetis
754 2434 787 2495 et
824 2428 856 2496 S.
888 2427 1036 2495 Cassiani
1073 2452 1111 2495 ex

97 2517 223 2582 duobus
247 2517 412 2582 codicibus
431 2516 671 2584 Parisiensibus
694 2522 810 2604 suapte
830 2540 929 2583 manu
949 2518 1112 2620 exscripta

96 2605 277 2670 0111111111
305 2607 488 2691 complures
516 2607 600 2672 alios
631 2607 735 2672 libros
768 2627 865 2671 manu
894 2606 1112 2691 scriptos,in

97 2694 216 2779 quibus
236 2695 634 2761 11111111111111101111
654 2694 808 2761 metricae
827 2698 1007 2780 exstarent,
978 2694 1113 2761 tmihi

97 2783 247 2848 notavit?
290 2782 433 2859 Quorum
459 2806 560 2849 unum
582 2782 810 2850 Monacensem
834 2745 1026 2849 Passioncin
1055 2779 1111 2847 SS.

96 2870 187 2937 Petri
212 2875 245 2936 11
267 2870 361 2936 Ρ1111
380 2870 488 2956 Apost
473 2873 616 2938 tolorum
640 2877 673 2937 11
691 2871 749 2936 Vit
735 2875 803 2936 tam
826 2869 859 2936 S.
873 2870 1020 2936 Veronae
1039 2868 1112 2934 Vir-

97 2960 184 3041 ginis
209 2961 443 3045 continentem,
472 2962 528 3048 qui
555 2961 637 3026 mihi
665 2961 818 3026 sicutan
775 2962 874 3024 11111
897 2959 1112 3111 archetypum

97 3046 154 3111 Vit
140 3052 193 3112 tae
223 3047 254 3114 8
277 3048 410 3114 Erasmi
434 3012 592 3114 lieneficio
614 3048 782 3134 popularis
806 3046 913 3112 moia
893 3050 992 3131 atque
1015 3044 1112 3112 amici

96 3137 269 3221 carissimi,
293 3135 450 3202 Guilelmi
474 3137 600 3222 Meyer,
626 3141 704 3202 tunc
727 3139 798 3201 cust
783 3135 869 3200 todis
892 3133 1112 3200 bibliothecae

95 3222 299 3290 Monacensis
336 3226 502 3311 publicae,
543 3247 629 3291 nunc
665 3222 889 3290 universitat1s
924 3222 980 3289 litt
965 3227 1112 3289 terarum

95 3309 186 3378 (1011
161 3314 321 3399 tmgensis
348 3313 561 3401 professoris,
591 3312 815 3415 commodatus
843 3316 928 3393 erat,
960 3313 1031 3397 ipse
1059 3333 1112 3376 ex·

98 3402 228 3487 scripsi,
256 3402 336 3467 duos
348 3339 445 3468 palios
468 3400 719 3487 Parisienses,
710 3423 745 3466 m
768 3401 886 3487 quibus
909 3362 1050 3467 Sarmen
1072 3400 1112 3465 de

96 3486 126 3554 S
150 3488 306 3565 Quintino
333 3496 367 3556 et
393 3490 508 3557 Passio
537 3488 569 3556 S.
592 3452 719 3557 Amilfi
747 3491 872 3575 insunt,
899 3512 958 3576 per
980 3490 1056 3557 doct
1041 3495 1113 3557 tum
