2354 3946
361 187 399 243 11.
424 188 473 242 Da
490 188 718 244 PRONOMINE.
990 193 1050 258 123

50 343 290 491 turres:
314 341 421 490 trs
436 342 887 523 irretierunt
903 343 1051 525 certe

35 509 337 661 mittit?
354 511 1050 679 rttrrttttuntrtar

35 682 92 745 est:
120 698 176 763 epo
204 679 284 761 qaid
310 681 412 745 simae
439 681 559 761 acturi,
588 681 702 761 quibus
722 683 795 763 apri
816 686 892 746 suat
913 681 1050 764 direpti?
1076 703 1088 743 5

35 784 82 847 spo
104 765 158 828 hic
180 784 242 848 pro
264 783 323 828 nos
344 764 486 847 positum
509 769 565 829 est.
603 764 766 829 Fassioa
789 786 914 848 quoque
929 765 1050 829 femina

35 852 96 913 tam
118 849 251 932 sepiens
274 851 307 911 et
329 851 395 912 tam
418 849 600 930 scolastica,
624 852 660 913 ut
681 850 884 913 nomeneius
901 851 1049 932 usquein

35 933 114 997 liam
143 953 208 1017 quo
237 932 326 998 orbis
349 933 411 996 erit
432 935 516 997 certe
546 933 615 997 sine
638 933 743 997 dubiis
766 933 959 1012 celebretur,
987 934 1050 998 hoe

35 1020 116 1116 inter
143 1020 252 1116 cetera
279 1038 347 1116 usa·
364 1021 414 1081 eet
441 1018 587 1116 exemplo
597 1041 610 1116 ε·
633 1022 742 1100 patres
769 1038 821 1100 epo
850 1019 1052 1115 tradiderunt

35 1102 1050 1270 niteret?trrttttcrttreutr„tgr.
1065 1126 1090 1165 ¹⁰

35 1291 89 1355 pre
112 1269 326 1337 Ciceronis
348 1273 456 1353 pater:
480 1273 557 1352 putot
578 1270 692 1355 inquid
714 1291 768 1353 epo
789 1273 860 1337 uita
882 1272 1051 1354 carpitur?

35 1357 87 1420 too
121 1357 173 1420 est
205 1355 311 1419 dicere
343 1359 485 1420 noemam
514 1357 565 1421 aet
594 1357 696 1420 nosti
727 1356 805 1423 uita.
850 1355 904 1420 sed
933 1357 972 1420 de
1000 1357 1050 1420 his

35 1440 195 1587 ratisllista
215 1439 396 1522 sufficiant,
426 1461 501 1503 nam
529 1445 563 1504 et
584 1440 622 1504 de
646 1440 759 1503 ceteris
782 1440 893 1504 eadem
915 1446 1051 1524 possunt

35 1525 94 1589 inte
167 1525 186 1587 ⁵.
1064 1549 1089 1589 15

111 1545 238 1674 [iveram
271 1606 509 1691 Galbungus
545 1614 579 1670 et
609 1607 849 1672 Torrentius
883 1612 1050 1691 quattuor-

35 1692 131 1758 lecim
153 1692 268 1756 diebus
290 1691 488 1775 totidemque
510 1691 658 1755 noctibus
681 1693 715 1756 in
738 1692 946 1756 contentione
962 1714 1051 1756 man·

35 1779 104 1843 risse
116 1777 314 1842 refferuntur
329 1776 397 1860 tali,
412 1781 449 1841 ut
464 1776 491 1841 si
506 1797 559 1858 epo
576 1777 761 1840 uocatiuum
777 1797 902 1841 cassum
918 1776 1050 1840 haberet

35 1867 82 1927 sut
102 1882 174 1927 non
197 1861 347 1939 haberet,
371 1881 409 1925 ex
432 1860 580 1925 omnibus
603 1859 769 1926 doctorum
792 1864 935 1924 ueterum
950 1859 1049 1924 tradi-

35 1947 175 2013 tionibus
203 1945 432 2030 approbarent.
475 1945 716 2010 Terrentius
747 1945 929 2007 rennuebat
955 1965 1089 2010 uoce-20

35 2032 131 2096 tinum
146 2051 275 2097 caseum
290 2049 343 2113 epo
358 2029 490 2108 hebere,
510 2029 566 2112 qui
581 2050 690 2094 cassus
706 2029 872 2094 uocatiuus
891 2029 1049 2094 secundae

35 2137 153 2201 semper
175 2135 337 2199 personae
359 2114 493 2197 adiungi
515 2113 625 2193 debet,
658 2135 711 2197 epo
733 2118 841 2178 autem
856 2113 896 2177 ad
912 2115 1050 2198 primam

35 2221 201 2283 personam
222 2219 349 2282 semper
370 2198 554 2282 pertinebit.
598 2198 833 2281 Galbungus
855 2199 953 2264 etiam
976 2201 1050 2264 huic

35 2283 214 2368 pronomini
237 2283 422 2348 uocatiuum
444 2304 568 2347 cassum
592 2282 734 2347 accidere
750 2303 844 2366 posse
859 2284 1048 2368 adfirmauit,

35 2370 58 2434 'ur
88 2391 131 2434 eo
164 2368 341 2452 praecipue
371 2368 454 2450 loeo,
489 2367 544 2431 ubi
572 2368 631 2430 sub
663 2367 925 2452 interrogationis
956 2368 1049 2432 modo
1063 2393 1088 2432 sa

35 2454 161 2519 uerbum
186 2452 310 2536 primae
332 2473 488 2535 personae
510 2451 699 2534 haberetur,
723 2455 760 2516 ut
781 2455 808 2515 si
823 2452 909 2516 dicas
924 2474 941 2517 0
957 2472 1050 2534 epona

35 2545 101 2605 rorte
119 2538 188 2621 feci
209 2537 261 2602 aet
282 2535 374 2602 diei?
395 2537 450 2601 sed
472 2535 527 2600 hio
549 2536 715 2600 uocetiuus
737 2536 769 2599 id
792 2541 842 2600 est
860 2557 913 2620 epo
929 2538 1049 2621 absque

35 2643 44 2687 r
60 2629 95 2689 et
115 2643 160 2689 ne
183 2621 368 2685 adiumento
392 2621 690 2704 circumpositorum
706 2625 831 2685 exstare
844 2642 910 2685 non
930 2626 1046 2704 potest.

35 2708 101 2774 iaec
124 2728 203 2772 oum
227 2704 268 2770 ad
288 2707 461 2770 Aeneam
483 2705 626 2788 quaestio
649 2726 699 2768 me
720 2705 922 2769 internuntio
944 2708 1049 2771 reffer-

35 2798 128 2876 retur,
143 2793 195 2856 ite
210 2811 283 2854 eam
298 2791 463 2854 uerissime
479 2789 687 2869 euentilauit,
709 2793 747 2854 ut
768 2791 843 2874 quia
857 2810 910 2873 epo
926 2793 1049 2874 primae
1062 2815 1088 2855 ao

35 2898 182 2960 pemome
205 2895 327 2939 nomeu
349 2878 414 2953 est,
439 2877 472 2938 et
494 2875 627 2938 uerbum
644 2874 765 2958 primae
780 2895 936 2958 personae
951 2875 1050 2956 impe·

35 2963 165 3027 utinum
182 2959 316 3024 modum
327 2959 511 3038 nonhabet,
529 2960 580 3024 eui
590 2959 793 3024 accusatiuus
806 2980 913 3023 cassus
924 2979 1050 3040 semper

35 3046 228 3124 innectitur,
253 3047 332 3108 tunc
354 3045 575 3108 tantummodo
591 3043 654 3106 hoo
668 3065 849 3127 pronomen
865 3042 1049 3105 uocatiuum

35 3150 149 3196 mesum
173 3129 350 3208 retineret,
382 3149 453 3192 oum
477 3130 536 3192 sub
559 3128 825 3212 interrogationis
847 3126 941 3188 modo
965 3123 1049 3189 diee-

89 3356 101 3404 ι
121 3348 232 3404 lauder
247 3346 304 3417 rar
322 3351 338 3401 e
355 3323 417 3413 aar
439 3346 528 3414 mur
551 3347 623 3414 aa]
647 3347 707 3398 rum
731 3343 762 3398 rr
778 3345 821 3411 ne
842 3342 906 3408 foa.
926 3350 1020 3397 ceras
1033 3343 1047 3413 Η

35 3414 244 3540 {pgeuggrflllf
267 3414 385 3471 easdem
401 3413 435 3468 N
447 3415 458 3484 t
475 3419 507 3469 23
531 3413 704 3480 (ianbungus
721 3410 756 3465 N
768 3412 778 3479 ΙΙ
796 3417 829 3465 28
847 3411 925 3464 etare
942 3408 976 3464 N
989 3412 999 3479 ΙΙ
1017 3417 1050 3466 29
