2354 3946
111 143 153 208 38
346 136 501 213 VIRGILIJ
519 137 685 194 MARONIS
703 136 902 207 ΕΡΙΤΟΜΑΕ.

109 296 197 378 pelas
216 293 303 376 pel-ua
322 292 407 374 celui
426 293 531 375 celum
550 292 638 374 pctus
656 292 738 376 quo,
762 312 830 355 non
851 291 897 356 sic
918 293 991 374 pelo
1011 292 1082 373 pelo
1102 293 1133 354 et

112 381 228 443 cetera.
274 379 351 441 sunt
378 378 434 460 qui
462 377 589 458 dicunt,
620 377 696 460 quia
717 377 881 442 unicornis
902 397 1029 460 semper
1051 376 1134 440 flecti

112 462 207 528 debet
260 483 320 526 nos
357 465 465 525 autem
508 461 692 525 inuenimua
734 464 907 527 uouemus
948 465 981 525 et
1021 464 1134 526 cetera.

113 511 278 613 sciendum
309 567 401 629 sane,
436 545 521 628 quod
554 546 659 610 omnis
691 545 932 630 monosyllabae
962 546 1134 610 declinatio

102 632 235 716 rduplici
256 630 457 694 nominatiuo
478 632 590 695 utatur
611 634 649 695 ut
664 629 753 713 plebs
768 631 871 714 plebis
885 634 918 695 et
933 629 1136 696 nominatiuo

107 718 217 800 puers,
240 735 296 782 urs
318 718 351 779 et
373 718 465 797 ortis,
489 716 542 781 bos
556 720 589 780 et
604 716 703 781 boum.
732 719 782 788 est
796 715 877 780 aliut
896 736 1028 794 nomen,
1053 715 1137 799 quod

112 801 271 885 duplicem
301 800 550 865 declinationem
579 799 803 884 duplicemque
826 800 1018 884 qualitatem
1040 799 1138 865 habet

112 889 147 952 ut
174 907 236 952 nas
264 887 357 950 acris
377 886 455 950 nort
476 905 589 951 ocrem
611 888 644 948 et
664 884 798 968 reliqua.
843 887 892 949 est
913 888 946 948 et
967 905 1030 950 nus
1050 886 1137 951 nulls

111 973 182 1038 uoti
209 975 315 1036 uotam
342 989 404 1035 rcus
429 970 509 1034 noti.
555 968 878 1053 ueteres-dicebaut,
911 970 996 1053 quod
1028 969 1137 1034 omnia

74 1071 99 1111 1⁰
112 1055 272 1119 foramina
299 1053 442 1136 corporis
470 1073 532 1120 uus
554 1053 730 1122 dicebatur.
772 1055 820 1120 sol
840 1057 979 1137 utroque
1001 1075 1136 1119 numero

111 1139 198 1204 flecti
220 1158 288 1201 non
309 1136 514 1221 prohibetur,
537 1137 593 1203 sed
615 1139 774 1223 singulari
796 1159 929 1204 numero
956 1140 1006 1205 sol
1032 1139 1136 1224 ipsum

112 1224 270 1288 luminare
291 1223 362 1304 erit,
385 1226 437 1286 ast
456 1223 534 1289 soles
549 1223 637 1306 ipsos
652 1224 720 1288 dies
735 1223 949 1306 nominamus,
970 1224 1006 1288 in
1021 1224 1136 1308 quibus

113 1308 161 1373 sol
190 1310 294 1371 totum
316 1307 492 1372 inluminat
514 1307 637 1391 polum.
682 1307 833 1372 nonnulli
856 1312 967 1372 tamen
989 1313 1136 1373 ueterum

111 1395 182 1477 ipsa
198 1392 340 1456 carmina
354 1393 432 1458 soles
445 1392 665 1472 nominuuere,
688 1393 773 1457 siout
787 1391 980 1458 Horatius
996 1393 1033 1457 in
1046 1394 1136 1478 prin·

76 1491 102 1533 11
116 1478 200 1561 cipio
224 1475 390 1541 cuiusdam
412 1476 586 1543 uoluminis
609 1477 717 1542 taliter
739 1498 868 1542 exorsus
891 1480 941 1542 est
961 1479 1041 1544 soles
1056 1497 1137 1545 meos

112 1564 199 1630 omni
220 1562 363 1626 ccclesiae
383 1566 507 1628 uestrae
528 1563 716 1628 commendo,
760 1566 837 1626 sunt
858 1562 956 1626 etiam
979 1563 1135 1646 quaedam

181 1791 205 1839 3.
224 1783 261 1837 ib.
290 1779 442 1836 Sciendum
466 1784 509 1836 est
530 1797 597 1835 sane
616 1781 692 1849 quod
710 1782 800 1835 omnis
818 1780 928 1850 syllaba
946 1780 1135 1836 declinatione

113 1851 220 1919 duplici
237 1849 405 1904 nominativi
422 1851 520 1904 utatur
536 1850 619 1902 ut-
634 1848 825 1921 nominativus
842 1847 946 1916 plebis,
967 1848 1025 1915 bis,
1045 1865 1090 1903 ars
1107 1852 1136 1904 et

114 1919 195 1986 artis,
213 1918 264 1973 bos
282 1919 311 1972 et
328 1917 417 1973 bovis.
448 1918 500 1972 Est
517 1919 547 1972 et
565 1947 596 1957 -
614 1933 714 1971 narem
732 1917 785 1985 rlq.
806 1946 836 1956 -
855 1916 1031 1974 dicebantur.
1096 1923 1134 1972 10.

112 1986 183 2045 Nece.
201 1986 294 2041 Nunc.
309 2001 338 2062 p.
357 1990 404 2039 19:
434 1985 482 2039 Sol
504 1987 625 2053 utroque
647 2000 764 2038 numero
787 1983 863 2038 flecti
885 2000 942 2037 non
959 1983 1134 2052 prohibetur,

113 2055 164 2109 sed
190 2055 231 2108 sin
272 2053 326 2106 lan
352 2068 470 2106 numero
493 2052 535 2105 sol
556 2054 698 2120 ipsum..
719 2093 749 2110 ,.
769 2050 904 2105 ecclesiae
927 2054 1041 2106 vestrae
1063 2068 1135 2107 com·

112 2121 216 2174 mendo
233 2071 292 2172 lde
314 2118 389 2171 enim
408 2121 490 2172 sonat
512 2119 637 2172 carmina
659 2135 732 2172 mea.
786 2119 927 2196 cfi'ctiom
949 2117 1048 2175 Bcdoc
1068 2120 1135 2175 ortt.

96 2203 141 2256 p.
164 2190 231 2251 289,
258 2189 292 2240 33
317 2185 360 2238 K:
396 2185 444 2240 Sol
470 2187 591 2255 utroque
617 2201 735 2240 numero
762 2186 934 2254 dechnatur,
966 2187 1017 2241 sed
1044 2187 1136 2258 singu·

113 2256 210 2309 laritcr
223 2254 266 2308 sol
283 2283 314 2292 -
330 2254 472 2319 significat
490 2255 520 2308 at
533 2284 564 2295 —
577 2253 619 2307 ita
636 2268 750 2307 exorsus
763 2282 795 2293 —
808 2254 983 2308 commendo.
1021 2253 1084 2310 Fra
1128 2298 1134 2313 .

112 2323 204 2380 Meet.
231 2321 276 2388 (cs.
305 2322 395 2391 opp.):
429 2321 477 2376 Sol
506 2321 536 2374 in
562 2322 682 2388 utroque
713 2353 742 2363 -
768 2321 845 2376 flecti
874 2337 931 2376 non
951 2270 1134 2399 prohibeat,

113 2390 163 2445 sed
179 2389 320 2511 (pinguiori
341 2406 458 2444 numero
477 2389 520 2442 sol
537 2419 570 2430 -
588 2390 683 2444 ast-
700 2390 811 2444 veteres
828 2419 862 2429 -
880 2389 993 2443 Oratius
1012 2419 1045 2428 -
1063 2405 1136 2445 com·

113 2475 178 2514 men
199 2475 223 2513 0.

183 2661 225 2714 1f.
244 2676 300 2714 non
312 2661 362 2728 sie]
381 2676 437 2715 non
455 2662 494 2715 cis
512 2660 540 2715 P
552 2661 592 2729 114
608 2660 764 2729 sciendum]
787 2659 863 2715 scien
881 2661 998 2714 eor-sunt
1014 2661 1044 2715 P
1056 2661 1066 2729 l
1078 2675 1136 2715 mo

113 2741 265 2842 nosyllabd
277 2762 306 2816 P
318 2763 328 2830 11
341 2761 527 2840 delirationes
539 2761 573 2815 N
582 2763 592 2830 11
605 2767 620 2816 5
637 2761 751 2838 nomine
768 2763 797 2817 P
809 2761 819 2828 1
831 2761 928 2830 utetur
945 2761 974 2814 P
987 2763 997 2829 11
1009 2763 1135 2840 nomina

114 2832 155 2886 tio
173 2830 201 2885 P
217 2831 227 2899 11
245 2837 261 2885 6
278 2830 369 2899 plebis
387 2830 483 2885 etuas
499 2829 531 2884 N
546 2835 595 2887 act.
613 2843 665 2883 om.
684 2830 694 2896 l
711 2829 776 2883 brus
793 2829 821 2883 P
838 2829 848 2897 1
865 2829 909 2883 af.
928 2843 965 2882 na
982 2831 1059 2883 nauti
1075 2831 1136 2884 nati

115 2934 212 2988 uatem
229 2932 303 2988 uasti
320 2932 360 2999 P,
382 2948 435 2985 nas
457 2931 531 2985 natis
548 2931 609 2985 nati
626 2931 722 2984 netem
741 2929 776 2984 N
790 2933 800 3000 11
818 2937 849 2986 10
866 2909 988 2984 nimero
1007 2932 1034 2998 (o
1054 2933 1134 2995 aar.)

115 3034 156 3100 P,
175 3015 263 3103 utriq3
287 3033 319 3090 N
334 3035 345 3103 11
360 3049 480 3087 numeru
501 3033 535 3086 N
539 3035 545 3068 ¹
559 3033 569 3100 11
583 3038 613 3086 11
632 3031 861 3090 flecti-numero
883 3049 917 3088 erc
933 3033 1067 3088 testimon.
1085 3031 1136 3086 ud·

116 3101 194 3168 didi,
212 3118 263 3160 om.
280 3104 309 3158 P
325 3104 329 3172 1
344 3107 408 3171 poet
423 3117 538 3156 numero
555 3117 611 3155 rus.
627 3102 698 3155 5-6
715 3100 770 3156 litt.
788 3105 821 3158 iu
836 3103 879 3168 N,
897 3103 947 3168 cei
962 3101 995 3154 ile
1011 3115 1074 3154 mur
1091 3100 1137 3154 irre

116 3169 195 3224 ruber
217 3170 328 3224 declina
343 3188 375 3224 ur
396 3170 446 3225 aed
467 3168 649 3237 singulariter
669 3168 763 3235 ipsum
785 3169 921 3224 luminare
944 3167 967 3219 si
1006 3115 1091 3222 ifioad
1106 3169 1136 3222 at

115 3236 265 3305 pluraliter
292 3239 418 3305 sequitur
438 3253 493 3292 rus.
512 3239 616 3291 10—12
634 3237 687 3291 litt.
705 3237 715 3304 11
734 3237 793 3290 111.
816 3238 845 3288 in
875 3231 968 3287 :b2so
982 3237 1062 3289 utum
1079 3235 1108 3288 P
1120 3235 1134 3303 11

116 3309 149 3358 13
167 3306 264 3358 tamen
282 3309 409 3359 veterum
428 3321 478 3360 om.
494 3305 528 3359 N
542 3305 552 3372 11
572 3311 603 3357 14
619 3305 821 3380 nominavere*
852 3298 893 3416 All
911 3300 1018 3354 oratius
1035 3303 1065 3381 P
1080 3304 1136 3371 1115

115 3387 194 3426 meos
216 3389 249 3427 ccc
270 3388 350 3426 meus
372 3374 400 3427 P
412 3375 421 3441 11
430 3377 493 3440 poet
515 3387 593 3426 meos
615 3388 671 3428 rue.
689 3373 758 3426 4-6
778 3369 833 3443 isit·
898 3363 1132 3442 1Ι16,0111111*Ν

117 3441 212 3493 omnia
220 3440 248 3493 P
260 3441 270 3508 11
283 3439 409 3494 aeclesiae
418 3443 446 3496 P
458 3442 467 3509 11
480 3440 549 3497 codo
558 3440 587 3495 P
598 3441 608 3508 11
622 3446 653 3494 16
663 3438 692 3492 ff.
705 3432 1025 3489 cantabam-vassrbus
1034 3451 1086 3492 cm.
1094 3409 1135 3492 N'.
