2354 3946
464 187 680 271 Ριιιιιιιιιῳ.
1024 191 1083 255 107

59 342 172 406 stiones
194 340 304 406 diuiso
320 363 341 405 a
357 341 518 426 plerisque
540 342 634 406 modo
657 343 691 405 et
713 342 857 406 sentiunt
843 345 896 406 tur
918 345 951 406 et
972 342 1084 426 legun·

58 432 114 507 tur,
129 447 205 491 mea
219 427 400 511 praeeipua
414 427 448 490 in
464 427 666 510 explanando
681 427 772 490 fieret
758 427 964 511 tdiligentia
999 427 1083 491 unde

60 518 88 576 et
113 532 192 597 ego,
224 512 303 596 quia
331 511 489 576 orationis
511 514 620 596 partes
643 515 717 577 ueto
740 516 829 593 sunt,
859 514 932 576 octo
956 531 1083 596 quoque

62 597 91 660 in
108 617 177 662 uno
200 596 281 660 lieet
266 596 457 681 tepistolas
478 597 642 662 uolumine
658 597 801 681 digerere
820 558 976 680 dispono:
999 596 1084 680 quod

63 681 185 746 etium
174 702 212 744 ιιι
235 680 298 746 XV
321 682 406 766 epist
392 682 530 746 telarum
551 682 706 745 Affrieam
728 682 895 745 missarum
918 681 1082 746 uolumine
1108 700 1121 739 5

63 765 97 831 ad
106 765 293 831 Fabianum
308 787 443 851 puerum
458 787 564 830 meum
578 766 809 850 peritissimum
824 787 861 830 ue
876 766 1082 850 dooillimum,

61 854 130 916 tuno
158 850 337 937 gentilem,
367 872 453 915 nune
479 854 587 915 autem
608 850 736 915 fidelem
758 851 951 948 baptismate
972 851 1082 934 purifi-

62 938 179 1018 eutnm,
203 935 319 1000 eodem
341 935 502 1000 scribendi
524 955 611 999 more
633 935 748 1001 feoisse
771 935 913 999 memini.

140 984 238 1096 erod
259 1020 399 1084 forsitan
420 1019 562 1117 aliquis
557 1020 706 1098 miretur,
735 1020 820 1103 quod
842 1020 970 1084 insolito
993 1041 1081 1086 more

62 1106 268 1188 epistolarum
295 1125 474 1169 sermonem
507 1104 602 1168 unius
630 1070 785 1187 epistolae
819 1106 915 1169 modo
948 1105 1080 1170 insimul
1095 1123 1119 1162 10

61 1189 226 1254 dumtaxat
251 1189 369 1254 missae
397 1189 455 1253 sub
482 1189 629 1252 uniustr
602 1189 699 1253 tuitlo
722 1188 824 1253 libelli
847 1192 1080 1289 composuerim

61 1274 199 1372 quisquis
214 1273 280 1338 hoo
294 1273 363 1338 fact
349 1276 384 1338 to
398 1275 556 1355 mouetur,
572 1274 755 1337 meminerit
741 1271 901 1338 tLessii
915 1276 1079 1358 purissimi

62 1358 208 1437 oratoris,
253 1356 351 1423 XVII
387 1358 689 1442 interpretationum
724 1359 878 1440 epistolas
920 1361 979 1424 sub
1015 1381 1079 1425 uno

60 1446 197 1527 tempore
224 1462 354 1527 unoque
382 1443 455 1508 stilo
484 1443 523 1507 ad
551 1464 653 1506 unum
681 1443 879 1540 eundemque
907 1445 1079 1542 petitorem

59 1526 282 1608 destinauerit,
316 1548 384 1592 non
417 1549 479 1611 quo
513 1526 568 1591 ille
600 1527 721 1612 portitor
752 1527 841 1592 illam
871 1530 954 1612 epist
940 1529 1078 1593 totarum
1093 1547 1117 1585 ιι

58 1613 320 1677 numerositatem
350 1616 425 1695 post
410 1612 578 1691 tulauerit,
613 1612 668 1676 sed
696 1633 759 1696 quo
793 1616 825 1676 et
852 1614 1000 1677 leuamen
1030 1616 1078 1678 sui

57 1697 157 1847 tr
169 1696 982 1865 filttt’ltdltmlttbffl,dettll
996 1697 1079 1846 ,tit

56 1886 193 1951 namque
208 1865 279 1950 hii,
302 1867 358 1949 qui
379 1865 524 1950 longe
492 1887 617 1930 uiarum
633 1867 737 1950 spatia
751 1867 893 1931 mensuri
908 1867 969 1929 iter
984 1888 1077 1930 suum

57 1950 250 2033 quibusdam
283 1951 487 2015 mansionum
520 1950 677 2015 limitibus
712 1972 749 2014 ae
781 1951 927 2015 terminis
955 1950 1075 2035 leuant,
1091 1969 1116 2008 ιο

56 2034 279 2101 lassitudinem
302 2035 392 2120 longi
415 2035 649 2120 quodammodo
673 2036 762 2100 iteris
777 2039 1016 2132 temperantes,
1046 2000 1079 2100 el

55 2120 163 2216 urbem
186 2119 242 2184 uel
263 2119 371 2184 looum
378 2141 473 2218 ,quo
497 2119 635 2184 eundum
658 2120 716 2201 sit,
740 2121 865 2184 minore
880 2125 917 2185 ut
931 2121 977 2185 ita
991 2121 1077 2187 dixe·

55 2204 109 2268 ιιιιι
129 2203 248 2269 labore
269 2205 501 2288 perpendunt,
526 2205 605 2268 uerti
627 2169 732 2303 quod
735 2226 799 2269 una
821 2206 871 2270 die
893 2207 978 2270 tanti
999 2210 1077 2272 tem·

55 2290 135 2371 poris
157 2291 226 2354 iter
248 2289 406 2354 conficere
421 2310 487 2353 non
492 2253 704 2353 ’ualebunt
671 2290 734 2353 msi
749 2311 807 2373 per
828 2291 955 2354 callium
976 2290 1078 2357 lineas

55 2378 83 2437 et
101 2373 263 2458 quosdam
287 2373 524 2472 requietionum
545 2373 657 2437 modos
678 2373 831 2439 laboriosi
852 2376 976 2440 itineris
996 2398 1076 2442 onus
1090 2396 1115 2434 25

55 2456 277 2557 deposuerint.
299 2457 393 2522 itat
361 2463 393 2522 et
393 2459 458 2523 iam
473 2457 536 2542 hii,
553 2458 607 2542 qui
622 2459 803 2523 inmensum
819 2461 979 2525 scribendi
996 2482 1077 2544 opus

55 2543 251 2640 arripientes
268 2547 303 2607 et
323 2543 363 2607 de
383 2542 529 2626 pluribus
551 2543 646 2607 rebus
669 2564 706 2607 uo
727 2545 968 2627 quaestionibus
984 2567 1077 2610 suum

55 2626 253 2710 conposituri
294 2648 490 2710 sermonem,
533 2626 617 2711 quod
651 2629 783 2692 nonnisi
820 2629 975 2695 librorum
1013 2631 1077 2696 fre·

55 2712 224 2793 quentibus
264 2712 397 2794 explicit
398 2677 490 2775 oruni
522 2711 640 2775 finibus
674 2713 939 2812 sequentiumque
971 2716 1075 2780 initiis

55 2793 193 2860 laborem
217 2816 313 2860 suum
334 2797 602 2893 temperauerint,
623 2817 664 2860 ne
686 2797 771 2861 sibi
762 2799 841 2885 rpsis
857 2799 891 2862 in
907 2800 1075 2864 scribendo
1087 2816 1113 2856 ³0

54 2880 281 2946 etleotoribus
303 2879 471 2946 fastidium
494 2881 591 2945 sint
582 2903 617 2944 ιιι
631 2885 861 2963 perscrutando
876 2884 1072 2967 generaturi,

55 3051 92 3059 ——

112 3156 126 3203 1
146 3149 313 3204 sentiantur
330 3147 365 3202 N
375 3149 414 3216 lt
431 3149 535 3218 degere
551 3149 586 3203 N
594 3163 663 3208 corr
676 3150 741 3203 Μαι
751 3150 763 3218 ΙΙ
775 3157 791 3204 t
802 3150 832 3202 in
843 3149 968 3202 Africam
979 3151 1045 3206 Mai
1057 3152 1070 3222 ΙΙ

53 3270 79 3320 ιι
99 3267 238 3337 oratoris]
224 3267 315 3337 Jqui
340 3265 408 3321 add.
431 3268 496 3322 Mai
513 3270 523 3336 ΙΙ
537 3268 732 3351 septemdecim
755 3266 789 3320 N
802 3267 812 3334 ΙΙ
830 3267 859 3318 et
881 3280 937 3318 uno
954 3267 989 3319 N
1003 3283 1072 3324 corr.

52 3348 540 3492 dlosllthtolaventN
449 3353 458 3420 ΙΙ
472 3358 540 3406 18
540 3342 732 3420 qursrerrtN
741 3350 750 3417 l
764 3350 836 3404 siout
848 3353 870 3419 (s
883 3364 949 3404 corr
952 3351 1008 3415 N
952 3352 1027 3420 ΙΙ
1041 3359 1073 3408 19

248 3420 311 3488 ιιι
330 3418 457 3472 eundum
493 3437 522 3488 u,
540 3437 574 3475 eur
592 3436 610 3473 a
631 3418 688 3486 ΝΙΙ
706 3424 739 3471 23
753 3433 827 3495 perp
830 3416 999 3482 endiuntN
1013 3421 1023 3488 ΙΙ
1040 3427 1074 3476 24

51 3419 180 3542 ddlllum
165 3488 202 3543 N
211 3489 223 3557 ι
236 3491 270 3542 ιδ
287 3486 416 3541 laborosi
434 3421 468 3539 lid
476 3488 486 3555 ι
498 3487 589 3540 honus
605 3488 640 3540 N
649 3488 658 3554 ΙΙ
671 3420 703 3540 ιι
720 3485 797 3539 initis
809 3436 848 3539 Ν
857 3489 866 3555 ΙΙ
879 3492 912 3541 30
925 3486 971 3555 ne]
985 3489 1015 3542 et
1032 3489 1072 3544 N.
