2354 3946
125 128 166 192 16
335 129 369 182 11.
398 126 486 182 VITA
505 128 531 184 S.
546 127 721 182 VERENAE
740 126 927 189 VIRGINIS.

123 291 169 355 Et
192 292 265 356 loca
288 291 444 356 circuiens
468 291 635 377 ergastula
658 294 774 356 cuncta
797 293 965 379 requirit,

125 379 204 455 Quis
226 379 374 444 homines
400 380 505 444 sancti
526 379 722 444 resedissent
742 381 904 465 compede
924 385 1056 468 vincti,

72 484 105 532 25
125 468 187 544 Qui
210 468 275 533 iam
298 469 396 554 digna
419 468 489 553 pati
511 471 645 551 possent
667 489 727 552 pro
751 467 886 532 nomine
912 471 1015 539 trini.
1161 493 1171 532 r

125 557 188 622 Hic
212 557 339 641 aliquos
362 556 455 642 virgo
479 556 583 620 fertur
606 557 766 621 mansisse
789 577 848 639 per
873 579 990 625 annos

126 645 208 711 Cum
232 646 371 731 quodam
395 649 507 711 sancto
531 644 614 709 mira
636 644 786 708 bonitate
808 647 956 712 retento.

126 734 240 799 Audiit
263 757 302 799 ex
326 756 421 799 saevo
445 739 523 799 tunc
546 730 684 798 Caesare
707 731 911 798 Maximiano

126 822 273 888 Mauritii
297 824 432 888 comites
456 822 565 907 gladio
588 821 659 886 fore
681 843 799 906 nempe
821 828 1036 908 peremptos.

74 929 108 978 30
126 910 203 976 Mox
226 933 323 995 super
346 911 484 994 Alpinos
507 914 659 974 narratur
681 930 817 994 pergere
841 914 988 996 montes,

126 998 226 1063 Venit
249 1000 289 1064 ad
313 997 512 1083 Augannum
536 997 708 1062 confestim
731 997 824 1080 virgo
847 997 1029 1086 locellum3

126 1086 205 1151 inde
229 1107 340 1150 means
363 1085 494 1149 rabidas
518 1086 631 1149 Araris
655 1089 732 1150 tunc
754 1085 889 1150 'transiit
912 1089 1040 1155 undas.
1108 1092 1110 1096 ’

125 1173 198 1238 Illic
222 1174 337 1258 exiguo
361 1173 513 1237 consistit
535 1174 678 1256 caespite
701 1177 824 1258 sancto,

127 1260 223 1326 quta
246 1260 440 1326 Salodurum
465 1261 520 1345 qui
543 1261 655 1326 stabat
678 1261 816 1348 denique
830 1264 1000 1351 cosmum,

74 1367 108 1416 35
127 1349 208 1414 Cum
233 1349 358 1414 seniore
381 1351 446 1433 pio,
469 1349 602 1414 caelesti
624 1354 799 1435 pneumate
821 1350 928 1435 pleno,

128 1438 190 1514 Qui
213 1438 341 1523 legione
364 1439 419 1521 pia
440 1437 544 1502 fertur
567 1439 696 1504 venisse
718 1438 888 1503 Thebasa:
919 1492 947 1500 ..
977 1446 981 1453 '

128 1527 394 1609 Multimodisque
418 1527 512 1591 bonis
536 1527 665 1611 fulgens
688 1528 834 1592 intentus
857 1530 1027 1596 ‹at-omnis

128 1615 181 1680 Ad
204 1615 371 1680 dominum
395 1615 521 1701 mundi,
543 1616 600 1699 qui
623 1616 731 1681 sidera
753 1615 860 1700 vergit
883 1614 1035 1702 Olym-pi

128 1702 191 1788 Hic
213 1704 356 1768 tenuisse
381 1726 509 1769 sacrum
530 1708 684 1769 narratur
706 1705 810 1788 virgo·
823 1704 972 1768 libellum
978 1711 996 1789 ,'

75 1809 110 1858 to
130 1791 231 1867 Quem
256 1792 423 1877 scripsisse
446 1793 519 1877 pius
542 1793 665 1878 legitur
688 1797 813 1876 martyr
836 1790 1024 1876 Cyprianus

128 1879 320 1966 Virginibus
345 1882 445 1946 saeris
468 1882 544 1946 fidei
567 1882 606 1946 de
630 1882 706 1947 dote
728 1881 853 1966 potitis

77 2020 81 2026 .
128 1968 218 2033 Idem
242 1992 305 2054 quo
330 1972 449 2035 summi
470 1970 559 2054 regis
583 1969 749 2035 confessor
772 1968 906 2053 Olympi
972 2008 976 2014 ·

130 2056 204 2141 Spei
229 2058 410 2124 doctrinam
434 2080 561 2142 semper
583 2059 679 2123 docet
701 2080 771 2122 esse
793 2058 1003 2143 magistram,

130 2144 233 2220 Quam
258 2168 385 2230 quoque
408 2143 584 2211 tentorium
608 2147 690 2212 dixit
712 2151 861 2212 constare
888 2150 1057 2214 sacratum

76 2251 111 2301 45
128 2234 292 2320 Egregiae
314 2235 391 2300 fidei
412 2235 514 2299 nimio
537 2236 665 2320 fulgore
687 2235 819 2320 nitenti,

131 2322 219 2398 Quae
244 2324 360 2389 cultrix
383 2346 447 2389 uno
471 2324 595 2389 domini
617 2326 684 2390 iam
707 2325 837 2410 iamque
860 2323 975 2406 lapillo

131 2413 300 2477 Culturam
325 2417 469 2477 veterum
493 2414 615 2500 legitur
638 2415 799 2498 deponere
821 2413 946 2496 divum,

131 2501 223 2566 Hanc
248 2523 443 2588 gressusque
467 2503 580 2568 ducem
602 2505 668 2568 iam
691 2503 818 2567 dixerat
841 2523 910 2566 esse
935 2501 1110 2569 salubrem.

130 2587 249 2654 Fertur
271 2591 305 2654 in
329 2596 504 2678 angustam
526 2594 619 2677 virgo
642 2595 721 2655 tunc
744 2589 809 2654 isse
833 2591 1036 2674 speluncam3
1161 2613 1174 2651 f.

77 2695 111 2745 50
131 2679 222 2743 Anus
247 2680 333 2745 enim
357 2681 515 2766 quaedam
538 2701 648 2763 regem
672 2676 819 2743 confessa
841 2698 1018 2760 perennem

130 2766 193 2830 Hie
216 2769 329 2852 procul
352 2770 387 2833 in
410 2789 502 2833 sacro
525 2767 648 2852 legitur
671 2764 828 2829 mansisse
851 2764 978 2850 locello,

130 2856 303 2922 Annonam
327 2859 414 2921 vitae
437 2854 573 2938 praebet
590 2875 678 2938 *quaa
700 2857 840 2936 namque
859 2853 1003 2937 puellae.

131 2944 300 3009 Auxilium
322 2943 398 3008 fidei
420 2941 711 3005 necdum'tenuere
734 2940 873 3025 pagani,
909 2966 911 2970 ·
946 2967 953 2972 r

130 3031 281 3117 imperiis
305 3036 451 3098 veterum
474 3027 530 3093 sed
552 3027 657 3093 adhuc
680 3049 816 3112 paruere
840 3029 983 3094 deorum.

203 3284 238 3333 24
258 3275 437 3333 ‘recidissent'
492 3278 528 3329 28
548 3272 639 3328 ‘seno'
663 3270 787 3327 ‘Cesare'
845 3278 879 3327 29
900 3271 1051 3327 ‘Mauricii’
1110 3285 1145 3333 30

134 3347 276 3417 ‘Alpinas’
343 3353 377 3402 33
398 3345 540 3416 ‘sospita'
593 3349 628 3398 36
648 3341 785 3398 “Ph'ebaa’
819 3348 886 3397 ’37
907 3343 1025 3398 ‘omnes’
1047 3360 1062 3397 e
1086 3348 1143 3402 ini

132 3423 327 3559 pprr‘geltiffl'
338 3425 372 3474 88
383 3417 506 3489 ‘sydera’
518 3414 663 3517 ’‘Olimpi'·
693 3412 918 3514 ⁴stt‘scribsisse’
969 3419 1004 3467 41
1017 3414 1142 3474 ‘dedote’
