2354 3946
412 179 445 238 V.
472 180 522 235 DE
539 180 693 237 NOMINE.
1020 185 1060 248 41

59 335 164 399 ulium
187 354 299 420 genus
320 354 390 398 non
405 332 536 399 habent.
574 335 602 399 si
617 338 723 399 autem
740 334 929 400 afeminino
944 355 1062 421 genere

59 419 197 502 eruunt,
220 422 296 484 trea
318 438 439 503 genera
460 418 495 482 in
517 417 649 484 adiectis
670 418 837 484 habebunt
851 423 888 484 ut
902 423 951 484 est
965 422 1062 488 beoti-

59 505 126 588 sou,
154 525 197 568 ex
226 524 292 588 qua
317 503 463 568 nascitur
491 503 598 569 beatos
620 505 710 570 teoto
732 505 866 570 beatum.
911 505 1008 569 simul
1029 509 1062 570 et

59 608 99 656 roe
117 587 271 668 adtende,
293 588 381 672 quod
402 588 512 652 ornnia
527 588 708 673 originalia,
729 609 812 672 quae
834 593 908 654 ante
928 591 1063 654 nouissi-

59 694 123 739 nam
143 673 306 758 syllabam
328 694 353 739 o
366 671 548 754 habuerint,
571 673 673 738 uerba
687 673 811 757 primae
827 674 1062 760 ooniugationis
1087 691 1099 732 a

59 778 165 842 ranper
193 757 414 843 procreabunt
441 761 479 822 ut
505 765 555 822 est
576 760 678 823 orot'o
700 779 754 824 oro
777 778 860 826 orae.
905 762 932 823 si
955 762 1063 824 eutem

59 847 118 907 ente
145 841 285 907 eandem
307 841 464 925 syllabam
485 843 499 908 a·
520 841 709 925 habuerint,
732 843 832 907 uerba
853 844 967 908 tertiae
990 865 1063 908 con-

59 927 213 1013 legationis
241 925 419 1011 productae
447 947 485 990 ex
513 947 547 991 se
575 926 702 991 faciunt
728 927 839 991 uenire
870 930 909 991 ut
930 929 1064 993 eruditio

60 1012 159 1077 audio.
205 1009 367 1075 secundae
394 1015 503 1075 autem
535 1011 773 1096 coniugationis
795 1011 972 1095 tertiaeque
995 1032 1064 1076 eor·

61 1099 153 1180 repleo
173 1095 348 1160 uerborum
363 1094 536 1180 originalia
550 1095 755 1160 indiscretam
770 1095 916 1194 regulam
930 1096 1062 1161 habent.
1078 1112 1103 1151 10

61 1180 130 1246 inter
149 1181 363 1263 medonem
384 1183 516 1263 etopus
538 1184 571 1244 et
592 1200 720 1264 operam
734 1179 798 1245 hoe
811 1184 956 1264 mterest,
980 1181 1065 1265 quod

62 1266 184 1349 poeto
211 1266 378 1349 signorum
401 1268 464 1348 est,
492 1284 570 1348 opos
591 1264 742 1349 generale
765 1269 813 1330 est
835 1267 922 1331 omni
945 1265 1065 1350 officio,

61 1368 143 1432 opero
163 1352 271 1414 autern
293 1349 450 1434 singulari
471 1369 606 1414 numero
627 1349 788 1414 laboriosa
808 1350 990 1416 sollicitudo
1006 1354 1064 1433 est,

62 1454 130 1520 quae
150 1434 320 1584 wipere
343 1434 484 1498 animam
505 1434 635 1498 erueiat.
669 1434 818 1499 nonnulli
840 1435 888 1500 ita
909 1437 1064 1518 sentiunt,

62 1518 135 1602 qnod
251 1518 422 1583 masculini
437 1519 565 1604 generis
580 1519 623 1584 sit
637 1522 670 1583 et
686 1520 752 1584 loeo
766 1519 933 1603 neutralis,
948 1521 1065 1604 quibus
1078 1534 1102 1573 ¹⁵

63 1603 221 1668 autoritas
247 1602 395 1668 lectionis
421 1624 491 1668 non
516 1604 643 1668 annuit.
686 1625 763 1667 narn
786 1625 860 1688 sepe
881 1604 1065 1669 inuenimus

63 1687 150 1754 barm
167 1687 347 1752 masculino
368 1707 494 1772 genere,
517 1688 573 1771 qui
594 1686 715 1752 habeat
735 1689 903 1772 pluraliter
924 1690 1012 1770 looos,
1033 1692 1066 1752 et

61 1773 186 1836 neutrali
207 1792 325 1858 genere
347 1773 447 1838 boam
469 1774 533 1855 est,
557 1774 642 1855 quod
663 1772 742 1837 fauit
764 1773 849 1850 looo;
872 1773 918 1835 sia
933 1775 966 1835 et
980 1775 1065 1836 iocus

62 1859 90 1920 et
105 1856 269 1954 pluraliter
289 1857 366 1941 o'ooi,
392 1856 471 1921 item
492 1858 596 1923 iocum
618 1860 651 1921 et
672 1857 751 1921 fauit
771 1857 851 1922 ioco.
883 1858 972 1939 regio
993 1856 1066 1920 aula

148 1942 219 2025 erit,
241 1961 373 2025 regnum
391 1941 426 2005 in
441 1941 513 2024 ipsa
527 1941 717 2006 substantia.
751 1944 828 2005 sunt
842 1960 949 2005 cassus
964 1943 1065 2004 extra-
1079 1957 1104 2000 ro

61 1961 229 2091 leffium
251 2025 478 2090 declinationis
500 2029 537 2090 ut
558 2028 633 2109 opio
651 2024 789 2109 opioeet
803 2024 970 2109 pluraliter
986 2044 1065 2107 opes.

61 2113 90 2174 et
102 2111 220 2198 figurae
236 2110 440 2195 conpassitae
454 2112 589 2194 uterque
605 2131 712 2175 cassus
727 2111 762 2174 in
777 2131 834 2174 suo
845 2112 931 2175 statu
940 2110 1068 2195 integer

59 2199 217 2292 permanet
237 2194 270 2259 id
287 2201 336 2259 est
350 2196 460 2279 iuopia
476 2198 509 2259 et
522 2197 622 2279 troops,
646 2196 744 2260 boore
759 2198 792 2259 et
806 2195 903 2263 bools.
934 2198 1067 2279 uterque

59 2300 89 2344 m
112 2301 169 2346 sua
196 2278 412 2345 declinatione
439 2280 620 2364 repperitur
642 2278 769 2345 dicente
791 2279 952 2345 Lucano
976 2282 1067 2346 boues

118 2522 142 2572 3.
151 2516 188 2569 ab.
202 2515 292 2568 Simul
305 2546 340 2555 -
349 2515 443 2569 omnia
456 2514 606 2584 originalia
618 2514 773 2568 nomina-
781 2515 804 2568 si
819 2516 884 2568 ante
895 2514 1024 2569 eamdem
1034 2545 1067 2553 —

59 2583 201 2638 tabuerint
209 2582 455 2637 tertiae-erudio
465 2581 864 2636 erudisseeundae-habent.
901 2589 941 2636 11.
951 2581 1066 2661 Fropm.

59 2651 139 2706 Noui.
152 2652 162 2719 (
177 2651 308 2772 φρ.»
325 2649 404 2703 Inter
420 2665 436 2704 o
458 2650 614 2727 orationem
633 2652 662 2703 et
679 2665 794 2718 opus-
808 2665 894 2716 quam
906 2680 939 2690 —
952 2667 1047 2704 eruere
1061 2695 1067 2706 .

59 2727 91 2774 14.
110 2718 182 2773 Euo.
230 2732 291 2772 ooo.
308 2732 337 2784 p.
355 2720 406 2772 20.-
456 2717 566 2773 onnullr
582 2718 624 2770 ita
640 2746 674 2757 -
691 2717 845 2772 masculino
864 2734 967 2786 genere
986 2719 1023 2771 sit
1040 2718 1069 2771 et

59 2786 193 2840 rdnuitur.
212 2801 279 2838 narn
291 2801 374 2854 saepe
386 2815 419 2824 -
431 2784 510 2839 loeus
522 2784 655 2838 -habet
671 2784 776 2853 plurali
793 2815 824 2824 -
837 2785 960 2839 neutrali
974 2785 1069 2840 locum

59 2884 82 2894 -
99 2855 167 2907 eunt
185 2854 214 2907 et
232 2882 265 2891 —
283 2851 454 2920 compositae
468 2888 500 2896 -
513 2867 593 2906 casus
606 2882 637 2892 ·-
650 2852 791 2920 reperitur
802 2883 836 2892 -
847 2853 997 2912 laudabit?
1009 2895 1015 2909 .
1026 2894 1031 2906 .
1043 2891 1067 2909 ..

117 3062 132 3110 1
150 3055 240 3110 trium
252 3068 360 3122 genues
370 3054 398 3108 P
410 3055 420 3122 l
432 3059 448 3106 2
460 3053 571 3108 venerit
582 3053 616 3107 N
624 3055 634 3123 ΙΙ
647 3024 763 3120 adiectis
772 3052 806 3107 N
814 3055 824 3120 Ιι
836 3058 853 3104 4
870 3051 965 3127 omnia
977 3065 1027 3103 om.
1038 3050 1072 3104 N

58 3122 220 3193 litertiae]
231 3120 343 3177 eioPN
350 3121 485 3190 nsviniri
495 3121 530 3176 N
532 3124 540 3158 ¹
554 3123 564 3190 l
576 3127 592 3176 9
605 3122 742 3176 serendae
753 3122 781 3174 P
793 3121 803 3187 l
815 3118 906 3172 tertee
917 3117 1023 3186 qurPll
1038 3123 1068 3171 11

59 3223 217 3292 roe—quod
234 3235 286 3278 om.
298 3222 333 3276 N
343 3223 348 3292 1
365 3227 396 3276 12
412 3202 595 3301 pmni'offioii
611 3225 656 3292 (aa
669 3223 696 3291 ο)
713 3221 748 3274 N
754 3200 810 3289 {1'13
822 3217 959 3272 lassitudo
972 3218 1006 3272 N
1015 3221 1024 3298 Ι]
1039 3224 1070 3273 14

59 3291 270 3417 pas-meiat
280 3304 331 3345 om.
345 3289 379 3343 N
388 3291 398 3359 ΙΙ
409 3291 459 3359 rta]
468 3290 484 3368 ‚i
496 3305 529 3345 oa
540 3308 560 3343 u
571 3289 600 3344 P
611 3292 621 3359 ΙΙ
635 3296 667 3343 15
678 3289 740 3342 loca
757 3286 888 3339 neutrum
904 3285 937 3340 N
946 3291 1071 3354 sequatur

95 3359 294 3469 prmeomueetl
312 3363 343 3412 16
366 3359 521 3413 auetontos
538 3357 567 3412 P
578 3359 588 3426 11
602 3364 633 3412 17
652 3358 728 3410 loeos
745 3369 779 3408 ea
795 3352 875 3407 loeus
893 3353 942 3421 Pl
955 3359 987 3407 22
1006 3369 1070 3407 con·

59 3456 187 3548 astute
204 3478 234 3533 P
246 3477 256 3544 l
269 3478 342 3545 patu
360 3477 396 3531 P.
