2354 3946
338 216 398 271 VH.
426 213 551 269 PASSIO
571 213 599 268 S.
618 212 788 269 aunuum.
1026 212 1069 279 97

57 379 159 465 Signa
181 382 287 462 tuum,
311 399 393 462 quae
416 379 478 442 rite
500 377 582 442 facis
605 399 664 462 per
686 377 815 441 saecula
837 365 989 462 regnaris.

56 468 177 534 Deficit
200 489 239 531 ex
261 467 362 531 nimio
387 465 531 531 calamus
554 466 652 531 modo
675 465 781 530 lassus
802 465 909 529 hiatu:

57 557 210 622 Dormiat
231 555 285 620 hic
307 555 416 638 pau10,
438 557 632 639 prorumpat
654 557 691 618 ut
716 553 812 618 altius
835 553 929 617 idem.

136 728 304 785 EXPLICIT
322 727 432 782 LIBER
452 727 597 783 PRIMUS.
633 725 771 782 INCIPIT
791 725 989 782 SECUNDUS.

259 809 301 863 De
319 807 479 863 reversione
499 811 535 862 ad
554 809 680 864 sanctum
700 807 870 877 Remigium.

23 922 26 928 '
59 909 194 973 Praesul
218 909 324 973 adhuc
347 908 458 972 vivens
482 905 605 972 Christi
627 907 782 990 pascebat
806 907 890 972 ovile

11 1014 42 1062 10
60 997 228 1082 Remigius
252 997 337 1061 curis
361 996 525 1078 insistens,
547 1017 588 1058 ne
612 995 709 1079 lupus
733 997 858 1060 Intrans

60 1085 232 1170 Improbus
254 1084 590 1162 insontis-subvertat
612 1088 726 1169 saepta
748 1085 854 1167 peculi

59 1174 203 1245 Innoouo
226 1174 335 1238 fauces
359 1177 392 1236 et
414 1173 579 1258 tingueret
602 1193 660 1236 ora
683 1194 806 1253 cruore,

61 1262 164 1338 Quem
188 1262 281 1327 dolus
304 1265 337 1326 et
359 1261 490 1326 fraudes
514 1263 643 1325 armant
666 1264 700 1324 et
721 1261 812 1326 mille
834 1261 971 1327 nocendi

65 1349 223 1436 Congerit
245 1350 385 1415 artifices
410 1350 508 1413 simul
530 1351 563 1414 et
586 1369 689 1433 genus
713 1371 808 1414 omne
831 1351 1001 1415 malorum.

13 1454 43 1503 13
62 1438 201 1504 Noverit
223 1439 258 1503 id
281 1441 414 1503 sanctus
437 1441 625 1522 postquam,
652 1459 745 1501 mora
767 1439 930 1522 rumpItur
953 1440 1072 1505 omnis:

61 1527 220 1591 Arnulfus
243 1548 363 1612 magno
388 1527 502 1591 statim
526 1528 708 1590 commotus
732 1548 842 1591 amore
1091 1551 1107 1591 r.
1121 1542 1149 1590 sv

61 1615 230 1680 Festinum
254 1616 394 1681 sudabat
415 1615 486 1680 iter.
524 1610 625 1689 Quem
650 1636 745 1679 caeca
767 1614 919 1680 trahebat

63 1702 115 1768 Sic
140 1704 274 1769 dulcedo
297 1704 401 1788 patris
423 1703 541 1768 faciem
565 1703 753 1788 contingere
775 1703 848 1767 visu

62 1793 239 1877 Instigans‚
263 1814 336 1857 cum
358 1793 459 1876 longa
482 1791 538 1856 diu
561 1790 761 1876 disiungeret
784 1813 804 1855 a
827 1813 861 1855 se

10 1896 45 1944 uo
64 1880 234 1964 Temporis
257 1880 318 1945 hos
340 1902 442 1944 mora.
480 1879 560 1956 Quis
582 1879 663 1943 haec
688 1880 806 1964 gaudie
828 1881 917 1945 norit
939 1880 1043 1945 amica

63 1969 117 2033 Ad
140 1970 285 2052 plenum,
309 1990 391 2052 quae
414 1968 493 2051 sint,
517 1968 604 2032 dicto
628 1968 790 2053 scriptove
813 1970 942 2050 referre,

65 2055 146 2122 Cum
169 2058 293 2141 pariter
316 2057 454 2142 miscent
476 2057 570 2120 ulnas
594 2058 693 2140 atque
716 2056 827 2121 oscula
850 2057 946 2122 cara?

64 2145 256 2209 Praemissis
279 2146 428 2228 precibus
451 2149 561 2209 tamen
582 2145 702 2208 intima
724 2149 802 2210 vota
824 2145 955 2211 tonanti

65 2233 231 2298 Ecclesiae
254 2233 368 2298 valvas
390 2233 518 2296 intrans
540 2232 615 2316 pius
639 2233 760 2298 obtulit
782 2234 869 2299 idem

10 2334 48 2383 133
66 2320 234 2404 Amulius,
256 2320 308 2385 vir
331 2320 532 2403 conspicuus,
555 2320 685 2386 deitatis
710 2327 846 2389 ametor.

65 2409 227 2474 Interiora
250 2412 363 2492 petens
386 2409 443 2473 ubi
466 2431 500 2473 se
523 2412 685 2473 mactaret
708 2409 749 2474 ad
773 2432 865 2475 aram

65 2497 218 2563 Numinis
242 2498 374 2562 excelsi:
398 2519 496 2582 quam
518 2498 630 2582 largos
654 2519 782 2561 currere
804 2499 900 2563 fletus

66 2586 239 2670 Aspieeres
262 2608 374 2651 roseos
396 2608 455 2671 per
477 2585 588 2651 vultus
611 2588 645 2649 et
668 2585 876 2650 lacrimarum

67 2674 220 2740 Ubertim
242 2675 360 2739 faciem
382 2673 532 2759 perfundi
554 2673 645 2737 fonte
668 2676 850 2738 coruscam!

10 2772 50 2824 330
69 2762 181 2838 Qualis
204 2764 262 2827 ubi
284 2763 415 2848 pluviae
437 2784 496 2847 per
518 2783 614 2827 caeca
637 2761 768 2825 silentia
790 2762 896 2826 noctis

67 2850 276 2916 imbriferum
298 2851 485 2915 innumeras
509 2849 675 2914 effundens
699 2871 775 2913 aere
798 2854 910 2934 guttas

68 2939 158 3004 Arva
179 2941 270 3024 rigat
291 2960 484 3023 cursumque
507 2939 634 3002 minant
655 2959 715 3022 per
737 2959 879 3002 concava
901 2938 980 3021 rivi3

69 3028 115 3090 At
139 3030 166 3091 si
189 3028 275 3091 forte
298 3028 396 3108 redit,
420 3027 496 3091 dum
519 3030 624 3091 cesset
647 3025 770 3090 defluus
794 3026 921 3110 humor,

71 3114 157 3179 Sude
181 3116 248 3180 dies
272 3116 426 3180 rutilante
449 3115 536 3199 polo,
559 3114 712 3179 mortalia
735 3114 878 3197 gaudent

141 3295 193 3344 306
214 3289 331 3344 ‘secula’
353 3319 386 3330 -
409 3289 481 3344 liber
499 3287 520 3341 Ι.
547 3288 651 3358 Incipit
668 3287 695 3340 II
712 3319 748 3330 -
770 3295 822 3344 303
842 3287 962 3343 ‘Presul’
1028 3294 1081 3343 311

71 3359 219 3415 ‘insontes'
239 3360 250 3413 i
269 3375 405 3429 superscr.
427 3359 584 3413 ‘subuertat
601 3360 684 3428 septa
700 3359 805 3428 pecul?
824 3358 853 3414 in
871 3375 970 3414 rasura
1029 3364 1081 3413 313

71 3429 234 3499 ‘tingueret'
260 3447 315 3486 sec.
338 3449 375 3484 m.
399 3447 534 3499 superscr.
555 3429 613 3484 ‘ne’
688 3437 740 3485 313
761 3430 901 3485 ‘Noverit’
927 3429 982 3484 nisi
1008 3428 1082 3484 forte

71 3500 215 3556 ‘Noverat'
232 3500 411 3555 scribendum
427 3503 473 3556 est
521 3505 573 3555 317
589 3500 714 3569 ‘quaem’
765 3507 818 3556 331
835 3502 913 3570 ‘que’
961 3506 1014 3554 334
1028 3498 1084 3555 ‘Fe

70 3571 160 3626 esdoe’
212 3577 265 3626 333
280 3571 401 3626 ‘ditatis'
453 3577 506 3625 333
520 3568 707 3626 ‘choruscam’
759 3573 1020 3643 serperemus·

125 3669 255 3722 mem,
268 3669 349 3710 Vsru
363 3678 514 3711 onerosum
907 3665 924 3717 '1
