2354 3946
342 164 401 222 VII.
429 163 555 220 PASSIO
574 164 601 220 S.
620 163 789 220 ARNULFI.
1006 164 1070 230 105
1150 201 1153 204 ⁴

10 343 38 392 35
57 327 203 391 Pendeat
226 331 266 390 ex
287 326 414 392 merito.
456 325 501 390 Te
526 327 673 411 quamvis
698 328 792 414 signa
814 328 933 392 timore

59 415 257 482 Ooncutiant
280 418 314 480 et
337 415 491 481 sollicitet
513 418 547 479 te
570 415 708 480 ambitio
731 415 834 499 nulla,

58 503 130 569 Hoc
153 508 263 568 tamen
287 504 446 585 advertas,
469 503 546 588 quia
569 503 626 568 dat
647 504 728 570 haec
751 505 980 590 omnicreator,

59 592 122 669 Qui
146 592 242 656 dixit:
266 591 360 656 “Lux
382 595 493 657 vestra
515 592 625 675 palam
646 593 854 677 resplendeat
876 594 964 678 orbe,

58 680 106 746 Ut
128 681 259 745 videant
280 680 429 746 homines
454 684 487 744 et
510 684 637 763 patrem
660 685 791 764 pectore
814 686 958 748 vestrum
1088 703 1104 742 1.
1118 694 1160 744 rc*

10 786 39 835 3ο
59 768 254 835 Glorificent
275 773 356 851 toto,
381 769 437 853 qui
460 768 542 834 caeli
564 770 711 853 possidet
734 769 856 835 arcea''

93 956 128 965 —
146 924 202 980 Ubi
220 926 329 979 animus
348 925 463 995 aequior
479 926 571 981 factus
588 925 619 979 in
637 924 685 979 dei
703 927 817 982 servitio
837 930 980 982 exercetur
1000 959 1034 968 -
1144 997 1148 1004 ι

56 1035 131 1100 Iure
155 1034 214 1099 deo
239 1055 367 1118 semper
389 1034 544 1099 reddatur
566 1034 673 1118 gloria
696 1035 758 1099 soli

56 1123 186 1187 Illaesis
208 1123 304 1187 nobis
327 1123 459 1187 labatur
482 1125 515 1187 et
538 1145 617 1188 aura
638 1122 783 1188 favoris.²

58 1211 120 1276 His
144 1211 239 1277 dictis
263 1212 391 1275 animus
414 1211 573 1295 premitur
596 1212 779 1296 mentisque
802 1214 945 1296 procella

57 1299 272 1383 Mansuescit‚
294 1304 464 1383 tamquam
486 1299 596 1364 videas
619 1304 696 1385 post
718 1300 832 1366 nubila
855 1303 980 1367 caelum

10 1404 38 1453 35
57 1388 143 1452 Luce
167 1390 298 1471 micans,
322 1388 399 1451 dum
422 1388 519 1452 ducat
541 1410 640 1472 equos
664 1388 822 1454 iucundus
845 1390 976 1472 Apollo.

57 1477 220 1542 Posthaec
243 1475 362 1561 pungit
386 1497 477 1540 amor
501 1498 596 1560 quem
620 1478 747 1560 saepius
771 1477 827 1541 ille
850 1479 982 1542 beatum

58 1565 122 1631 Ore
145 1565 252 1629 virum
274 1563 419 1645 terimus,
443 1565 551 1629 carnis
573 1564 629 1649 qui
653 1567 770 1630 cuncta
791 1566 935 1630 trucidat

57 1653 226 1719 Incentiva
247 1651 361 1718 bonus.
406 1652 492 1718 Hinc
515 1653 659 1738 corporis
683 1653 796 1718 usibus
820 1653 932 1719 obstat

58 1742 275 1827 Gymnasium
299 1741 418 1805 sudans
443 1744 475 1806 et
497 1741 577 1807 forti
600 1741 658 1806 lite
681 1742 883 1830 palaestram

10 1846 37 1896 ιο
58 1829 244 1915 Corripiens
268 1833 361 1912 parte
385 1851 424 1893 ex
447 1830 537 1895 omni
558 1831 787 1914 impugnantia
811 1830 940 1916 sternit3

58 1918 215 1985 Cursibus
239 1918 281 1983 ad
303 1918 453 1982 bravium
476 1918 611 1984 tendens
634 1941 700 1985 non
724 1919 842 2004 quippe
866 1922 1018 2002 paratum

56 2008 174 2073 Fertur
196 2007 231 2071 in
253 2007 415 2071 incertum
437 2027 588 2091 pugnans
609 2029 669 2072 nec
693 2029 769 2072 acra
790 2011 937 2095 torquet3

57 2095 120 2160 sed
143 2095 207 2161 sibi
229 2095 407 2179 praedurus
432 2097 573 2180 castigat
596 2096 742 2179 corporis
766 2100 856 2161 artus

56 2184 186 2249 Ieiunos
210 2187 243 2247 et
266 2182 442 2268 pervigiles
466 2188 564 2268 atque
587 2187 778 2250 extenuatos
918 2187 923 2196 '

10 2287 38 2336 15
56 2273 223 2357 Mancipat
247 2272 426 2337 altithrono
450 2273 587 2356 supplex
610 2277 645 2337 et
667 2273 825 2357 praetulit
848 2295 978 2338 omnem

57 2361 169 2426 Divini
191 2361 298 2426 cultus
320 2360 443 2425 fascem
465 2364 597 2444 portare
620 2383 774 2427 suavem.-

57 2448 228 2515 Oontinuis
252 2449 324 2513 ideo
348 2470 383 2512 se
405 2449 557 2513 noctibus
581 2451 679 2532 atque
702 2451 814 2515 diebus

56 2537 233 2603 Mortificat
256 2537 372 2618 laetus,
394 2537 506 2601 vivens
529 2541 567 2601 ut
589 2537 700 2602 hostia
722 2539 781 2602 fiat

58 2625 177 2691 Sancta
198 2625 321 2709 deoque
344 2625 477 2710 placens
499 2625 697 2709 plenumque
721 2649 814 2690 suum
838 2627 974 2692 rationis

10 2729 38 2778 30
59 2714 259 2798 Obsequium
281 2713 413 2779 faciens.
453 2713 675 2778 Lacrimarum
698 2713 819 2798 quippe
841 2714 970 2780 lavatus
1086 2732 1102 2773 1.
1115 2723 1155 2772 141

128 2962 180 3013 535
201 2957 268 3028 ‘qtc‘c
289 2958 325 3012 si’
347 2957 399 3012 ‘vi'
420 2972 556 3027 superior.
583 2956 702 3026 ‘alquale
725 2957 808 3011 more'
828 2957 858 3011 to
877 2956 907 3011 in
928 2957 953 3011 ti
975 2974 1068 3012 emen·

56 3029 153 3083 datum
215 3035 267 3084 526
289 3027 431 3084 ‘ambitio'
451 3029 528 3082 linea
550 3026 732 3095 conspicuum
750 3027 869 3093 factum3
892 3027 922 3081 in
940 3028 1068 3096 margine

57 3099 182 3169 ‘cupido’
203 3100 358 3169 asumptum
416 3104 468 3153 52⁹1
485 3097 559 3152 ‘hec'
616 3103 669 3152 530
685 3097 762 3154 ‘celi’
784 3129 817 3138 -
837 3098 924 3152 ‘anim
943 3099 1065 3166 Μαίον’

56 3186 94 3224 an
115 3170 207 3240 magis
233 3171 329 3241 placet
353 3169 491 3224 ‘animo'l
550 3173 602 3224 533
627 3168 694 3224 ‘Ille
720 3167 769 3224 sie’
796 3168 867 3224 ‘ora’
893 3167 1019 3223 deletum
1039 3168 1069 3223 et

57 3241 148 3296 ‘aura'
170 3257 306 3311 superior.
361 3247 413 3295 533
434 3241 512 3309 ‘prae
531 3239 627 3294 mitur’
647 3255 698 3308 per
716 3238 914 3308 compendium
932 3237 1068 3306 scriptum

55 3317 109 3367 534
124 3312 282 3380 ‘tanquam’
301 3311 415 3366 ‘celum'
458 3317 510 3365 535
524 3310 683 3366 ‘iocundus’
721 3312 773 3365 536
789 3309 931 3365 ‘Posthec'
949 3308 1066 3378 ‘sepius’
1128 3360 1131 3365 .

55 3387 108 3438 538
129 3382 172 3437 ‘ln
190 3382 313 3437 oentiva'
369 3387 421 3436 533
442 3381 617 3450 ‘palestram’
674 3387 724 3436 541
747 3380 874 3450 ‘quippa’
895 3398 911 3436 a
932 3387 1069 3448 superior.

55 3459 107 3508 545
132 3452 292 3576 ‘algitrono’
319 3452 428 3522 ‘ptulit’
454 3469 518 3507 cum
544 3453 664 3523 utroque
692 3453 722 3507 et
748 3469 799 3524 pro
823 3453 854 3506 et
877 3468 944 3521 prae
967 3465 1069 3506 vocum

54 3540 173 3593 compen
194 3539 222 3578 ιο
