2354 3946
435 157 484 212 ιιι.
512 156 561 211 nn
579 156 711 217 nunno.
1021 162 1081 228 143

139 310 247 394 Super
283 311 348 377 hae
384 332 419 375 re
451 312 626 375 Aeneam
664 310 835 395 aliquando
867 313 1079 399 interrogans,

55 395 163 461 audiui
186 395 229 460 ab
253 394 326 479 ipso
349 395 415 461 tale
430 416 635 479 responsum:
659 396 796 462 diomede
811 397 970 481 inquiens„
989 401 1079 483 ofili,

56 480 178 547 dnoli
205 482 341 547 summis
368 482 493 559 quidun
523 481 657 546 auritos
684 483 837 563 recipere,
866 485 895 547 st
925 486 995 564 quis
1023 485 1080 548 titt

56 566 193 633 suum
213 566 300 647 quod
319 566 422 631 utum
446 566 577 632 nubum
603 566 696 647 assit,
726 568 809 647 quod
835 568 871 631 iu
897 573 974 632 ‘om'
1000 569 1078 633 litte-

10 648 13 715 3
57 672 125 717 ram
146 650 302 735 finietur,
324 650 423 716 uulua
443 651 687 733 commotioni&
710 670 862 731 quaeres
882 653 954 735 steri
976 674 998 718 u
1012 671 1077 716 eor-
1103 671 1116 713 a

58 736 293 821 apartments
306 734 487 800 bominibus
501 736 713 800 introductum
727 740 772 800 est
785 740 814 800 et
827 737 877 801 bis
889 739 945 817 qut
957 737 1079 803 nullum

57 840 92 885 er
115 820 278 885 uderebru
304 821 464 886 rationem
492 820 618 902 aeripts
647 825 846 902 aeceperunt,
883 822 1079 902 uolentesque

59 904 191 987 inproba
206 908 244 969 ut
257 909 344 971 certa
362 904 499 987 probare
520 908 550 970 et
570 906 768 987 confirmare.
802 905 972 970 sumebant
986 926 1079 989 quas·

58 988 127 1055 dam
155 989 251 1073 quasi
278 988 540 1073 coniugationum
562 989 701 1071 speeies,
731 993 768 1054 ut
789 989 844 1053 alii
867 988 1010 1055 dicerent
1031 1012 1078 1054 se·

10 1084 14 1152 ἰ
59 1073 175 1139 eundae
198 1071 442 1157 coniugationis
464 1094 548 1156 esse,
572 1073 647 1157 quia
669 1073 744 1138 lieet
763 1074 798 1137 in
820 1074 924 1157 prima
939 1095 1078 1158 persona
1091 1094 1117 1134 ιο

10 1153 17 1275 l
60 1178 122 1223 non
142 1179 237 1223 more
259 1158 355 1223 solito
377 1158 413 1222 iu
427 1179 461 1224 eo
477 1162 593 1223 exeant
607 1162 643 1223 ut
657 1160 762 1239 uideo,
787 1163 872 1223 uerte
886 1160 922 1224 in
938 1161 1078 1225 secunda

10 1282 18 1340 ἰ
61 1264 193 1327 persona
214 1244 250 1307 in
273 1263 306 1309 es
327 1242 491 1321 desinunt,
515 1247 552 1307 ut
566 1263 608 1308 es.
642 1243 791 1327 aquibus
806 1244 968 1328 inquirere
985 1245 1077 1310 debe·

10 1342 15 1411 t
60 1348 122 1393 mus
143 1332 255 1392 utrum
278 1328 424 1392 futurum
444 1330 571 1411 tempus
594 1327 736 1393 eiusdem
758 1329 849 1392 uerbi
870 1331 905 1392 in
921 1331 957 1395 bo
972 1331 1078 1394 autin

10 1438 17 1493 ῑ
60 1412 109 1479 lor
136 1411 228 1477 exire
254 1433 351 1496 posse
378 1412 557 1477 inueniant.
602 1412 658 1476 alii
687 1433 763 1477 uero
792 1413 973 1478 firmissime
1001 1435 1077 1478 oon·

10 1506 13 1567 ἱ
60 1496 193 1563 tendunt
225 1498 357 1562 tertiam
390 1517 459 1561 esse
487 1496 764 1582 coniugationem,
797 1498 872 1582 quia
898 1498 1076 1564 indicatiuo
1091 1515 1116 1557 15

59 1582 148 1647 modo
170 1585 318 1666 temore
339 1583 504 1665 praesenti
523 1603 658 1646 numero
681 1582 797 1665 plurali
819 1603 958 1666 persona
981 1584 1078 1647 tertia

57 1670 127 1733 nul
146 1664 258 1731 habet.
295 1668 351 1732 sed
378 1666 454 1749 quia
476 1666 609 1731 omnino
632 1687 690 1750 per
711 1670 814 1731 totum
836 1669 971 1731 uerbum
993 1667 1077 1730 nihil

57 1750 192 1834 liabent,
215 1753 301 1835 quod
322 1752 453 1817 tertiam
469 1751 728 1835 coniugationem
744 1752 902 1816 ueraciter
917 1751 1075 1831 ostendat,

57 1836 202 1921 proiecto
225 1856 331 1901 errare
354 1856 409 1900 eos
431 1835 593 1920 opinabile
616 1839 673 1901 est.
707 1836 797 1900 falsis
820 1835 929 1918 itaque
945 1839 977 1899 et
992 1856 1076 1899 oom-

57 1919 253 1987 meutatioiis
281 1922 506 2004 imperitorum
534 1920 768 2004 suspicionibus
798 1919 945 2000 detentis,
978 1920 1076 1983 immo
1089 1938 1115 1978 ao

57 2006 186 2083 amotis,
215 2026 313 2071 omne
342 2005 476 2070 uerbum
498 2005 582 2089 quod
603 2006 741 2089 primam
763 2004 884 2069 habens
906 2025 1076 2088 personam

56 2110 118 2155 non
138 2090 179 2155 in
199 2110 219 2155 0
241 2090 370 2155 literam
392 2090 583 2172 desinuerit,
606 2090 726 2155 nullius
749 2089 986 2174 coniugationis
1008 2110 1077 2154 esse

57 2174 285 2240 inennotmter
306 2174 485 2239 definimus.

135 2258 225 2325 Sane
253 2258 353 2323 etiam
379 2258 459 2324 illud
482 2259 661 2344 quaeritur,
690 2279 787 2342 quare
810 2280 881 2323 oum
905 2261 970 2323 tres
993 2258 1076 2323 ordi-

55 2344 205 2411 nationes
220 2364 292 2408 esse
303 2345 449 2409 omniurn
459 2348 701 2409 antecessorum
714 2345 942 2428 doctorumque
953 2347 1076 2407 nostro·
1089 2360 1113 2402 2⁵

55 2448 123 2495 rum
153 2428 545 2510 confirmet-auotoritas,
580 2428 615 2493 in
648 2450 839 2512 unaquaque
873 2427 1076 2493 ordinatione

55 2514 142 2599 quasi
172 2512 377 2579 confussibili
405 2515 499 2579 modo
528 2513 658 2577 alterius
687 2513 808 2577 ordinis
839 2513 950 2577 literae
979 2514 1087 2577 inter·

55 2600 205 2665 meur
226 2599 263 2662 in
284 2601 428 2681 tantum,
453 2603 491 2664 ut
511 2599 546 2663 in
568 2597 671 2682 prima
686 2598 825 2662 secunda
840 2601 872 2662 et
886 2599 920 2661 in
937 2597 1076 2662 secunda

54 2688 86 2749 et
109 2682 212 2749 tertia
243 2683 447 2767 repperiatur
473 2684 592 2768 prime3
627 2683 741 2746 scribis
769 2684 856 2747 enim
884 2682 944 2747 sio:
976 2683 1076 2749 laudo

54 2768 172 2851 baden
188 2768 264 2833 doce
278 2768 401 2850 doceat,
417 2768 479 2851 lupe
493 2769 589 2852 leuat,
610 2771 643 2831 et
656 2767 730 2833 ideo
745 2768 881 2832 sollicite
896 2767 1073 2851 requirunt,
1088 2787 1114 2829 ao

53 2872 113 2937 qna
136 2854 267 2919 ratione
295 2852 374 2917 liaeo
401 2852 586 2917 commixtio
614 2851 701 2916 faeta
722 2854 773 2917 sit.
811 2874 906 2936 super
928 2852 988 2916 hoo
1010 2850 1076 2932 ple·

53 2937 138 3023 rique
161 2940 351 3003 nostrorum
373 2939 407 3001 et
421 2959 440 3001 a
454 2938 549 3003 nobis
564 2939 596 3001 et
611 2958 631 3000 a
644 2938 765 3001 nostris
781 2938 944 3021 quaesiere
960 2955 1074 3017 peren·

53 3022 143 3093 tibus.
185 3023 306 3108 quibus
342 3022 521 3087 consultate
555 3042 743 3104 responsum
771 3026 833 3104 est,
870 3020 930 3084 hoo
958 3017 1074 3082 ideireo

55 3108 186 3194 suscipi,
202 3129 274 3174 non
290 3108 366 3191 quia
380 3106 572 3172 rationabile
587 3108 695 3171 aetum
712 3107 768 3185 sit,
787 3107 842 3170 sed
858 3109 893 3168 ut
908 3103 1074 3167 modorum

56 3246 258 3259 *-

110 3336 128 3385 4
203 3328 246 3384 sit
260 3326 298 3383 N
330 3327 424 3408 possit
444 3325 523 3392 Mai,
544 3332 595 3517 Ka·
615 3341 675 3380 esse
694 3327 763 3446 post
784 3321 860 3375 illius
886 3320 1005 3376 inseruit
1026 3321 1035 3388 ΙΙ
1057 3325 1073 3374 8

51 3396 88 3467 ιι]
104 3400 134 3455 a
199 3412 275 3455 ωη.
288 3367 354 3451 ism
367 3394 378 3463 l
392 3400 424 3447 ιι
442 3393 547 3448 desinit
575 3393 693 3449 bennun
718 3387 926 3457 naorauarn
939 3394 972 3443 ιο
985 3387 1073 3455 suspi-

49 3464 167 3523 tionibus
185 3465 220 3523 N
232 3466 244 3535 l
256 3470 292 3521 ΞΒ
309 3461 528 3519 iniounotanter
575 3502 581 3516 .
