2354 3946
136 175 179 241 96
418 173 477 228 VH.
504 171 632 228 PASSIO
652 172 679 227 S.
696 169 870 226 Aurunci.

137 339 238 404 Nulla
261 338 371 402 valent
394 336 493 400 istum
517 335 657 400 retinere
680 333 826 420 negotia:
850 337 987 398 cunctos

138 427 286 512 Dissipat
309 426 364 490 ille
388 446 496 490 moras
520 427 553 488 et
577 444 672 489 cursu
695 426 849 508 praepete
872 421 1013 488 tendens

450 611 482 620 —
502 578 605 635 Petitio
624 577 787 634 resuscitati
805 609 839 618 -

139 691 268 756 Arnulfi
292 691 427 774 pedibus
452 689 557 755 sancti
579 687 799 774 prosternitur
821 690 855 752 et
879 687 926 753 sic

139 780 298 865 Flagitat:
323 779 361 844 Ὁ
386 780 502 844 dilecte
524 782 627 863 pater,
650 798 702 841 me
725 775 855 862 percipe
878 797 1009 860 semper

68 884 121 937 ‘280
139 870 222 935 Esse
245 869 306 933 tibi
329 868 489 933 famulum
511 873 620 931 tecum
642 885 810 930 remanere
833 867 1000 948 peratum,

139 958 250 1023 Donec
273 957 405 1022 claudat
428 956 491 1020 iter
514 954 628 1021 comiti
651 976 739 1019 mors
762 953 882 1017 ultima
904 953 1002 1020 vitae.

139 1046 215 1111 Urit
239 1067 331 1110 amor
354 1044 429 1108 talis
453 1067 514 1126 me,
537 1043 679 1108 multum
702 1042 855 1126 decoquit
877 1044 1000 1126 aestus,

138 1133 185 1198 Ut
208 1133 271 1196 tibi
294 1132 483 1196 coniunctus
506 1153 572 1195 non
596 1153 735 1216 usquam
758 1129 883 1195 dividar
906 1129 966 1194 abs
990 1129 1045 1195 te'

139 1220 301 1285 Posthaec
324 1219 483 1283 Arnulfus
507 1221 593 1284 huno
617 1242 726 1285 secum
751 1224 838 1284 stare
862 1218 980 1283 beatus

69 1325 120 1375 286
140 1307 303 1393 Praecipit
327 1313 425 1393 atque
449 1331 525 1373 suae
549 1330 679 1372 cursum
703 1328 891 1373 consumere
915 1306 1014 1372 vitae,

141 1396 248 1462 Causa
270 1397 349 1461 mali
371 1419 437 1461 non
459 1397 526 1461 ulla
549 1397 664 1461 dehinc
687 1396 829 1461 divortia
843 1395 931 1460 -fecit

140 1487 231 1551 inter
253 1507 313 1550 nec
335 1487 410 1551 fidei
433 1486 521 1568 rupit
544 1485 705 1550 discordia
728 1506 840 1562 nexus,

142 1575 205 1641 Sed
229 1598 357 1660 semper
379 1575 485 1639 tenuit
508 1574 679 1640 eoncordia
701 1573 833 1638 foedera
855 1572 955 1657 pacis.

451 1732 493 1786 De
512 1728 663 1785 virtutibus
680 1728 760 1784 beati
777 1729 838 1784 viri.

141 1841 212 1906 Iam
236 1841 410 1906 manifesta
432 1840 512 1904 fides
536 1841 704 1925 signorum
727 1860 786 1923 per
809 1839 882 1902 looa
905 1839 1068 1922 quaedam

71 1946 123 1996 290
142 1930 295 2014 Tollitur3
319 1930 460 1994 invisum
484 1927 651 2014 cognoscit
674 1927 816 2012 plurima
837 1926 945 2011 plebis

143 2018 259 2084 Contio
283 2019 490 2102 perspiciens,
514 2017 628 2101 quanti
651 2015 847 2081 venerabilis
871 2016 935 2080 iste

142 2105 192 2170 Sit
215 2109 264 2170 vir
287 2107 373 2190 apud
396 2107 576 2187 dominum,
599 2128 657 2188 pro
680 2127 744 2189 quo
768 2107 819 2170 tot
843 2103 938 2189 signa
961 2106 1134 2194 refulgent.

142 2194 241 2258 Cuius
265 2217 341 2257 nam
365 2194 515 2274 precibus
538 2197 732 2275 reparantur
754 2192 879 2257 lumina
901 2195 1007 2258 caecis

142 2281 315 2344 Cressibus
339 2285 373 2344 et
395 2280 502 2344 claudi
526 2281 690 2346 velocibus
713 2283 760 2346 ire
781 2282 940 2364 videntur,

71 2385 122 2435 295
143 2368 254 2433 Surdis
278 2372 311 2432 et
334 2369 433 2431 mutis
456 2367 591 2432 redeunt
615 2391 673 2434 sua
696 2373 807 2434 munia
830 2391 965 2452 prorsus

142 2458 186 2522 Et
207 2461 326 2521 natura
350 2456 416 2521 suis
440 2457 615 2541 respondet
637 2459 735 2543 plena
758 2458 897 2523 locellis:
1058 2472 1061 2480 ’
1160 2471 1171 2511 f·

142 2544 327 2630 Diffugiunt
350 2546 465 2628 morbi,
489 2546 605 2611 cedunt
628 2547 760 2612 inimica
784 2547 892 2612 saluti.

142 2634 244 2715 Hanc,
268 2633 415 2718 Arnulfe,
438 2637 499 2701 tibi
523 2637 683 2702 concessit
706 2638 747 2701 ab
772 2634 913 2700 aetheris
938 2658 997 2701 axe

143 2721 353 2808 Signipotens
377 2725 507 2790 virtutis
532 2748 626 2810 opem
649 2730 707 2790 tua
730 2725 845 2811 gloria,
868 2722 1028 2790 Christus

72 2811 170 2878 3000
193 2810 411 2894 fortunatum,
436 2815 491 2896 qui
515 2812 638 2878 Christi
660 2815 750 2879 iussa
774 2817 936 2897 sequetur,

143 2899 228 2963 Vere
250 2899 392 2986 felicem,
416 2902 466 2964 cui
489 2903 586 2986 pleno
609 2902 703 2985 copia
727 2924 827 2967 cornu

142 2987 287 3071 Ridebit,
311 2988 387 3052 dum
410 2988 523 3052 reddat
546 2988 576 3052 ei
599 3012 713 3054 manus
738 2990 971 3075 omnipotentis

144 3076 269 3140 Gaudia
293 3077 445 3158 completi
468 3098 595 3160 semper
618 3101 770 3143 mansura
792 3079 930 3143 laboris!

144 3164 280 3228 Talibus
303 3164 441 3246 indiciis,
465 3170 502 3228 ut
524 3165 656 3250 dignum
681 3173 743 3247 est,
767 3165 962 3250 glorificaris

71 3251 181 3318 805111
204 3253 315 3336 servis,
337 3274 394 3315 rex
417 3250 556 3337 Christe,
579 3254 644 3319 tuis
667 3276 849 3338 nomenque
872 3255 1018 3319 fatentur

215 3466 266 3516 282
284 3461 451 3531 ‘dequoquit
469 3462 557 3514 estus'
609 3469 661 3516 284
677 3461 818 3515 ‘Postheo’
867 3468 919 3519 288
935 3463 1053 3519 ‘federa’
1101 3470 1150 3520 291

144 3532 264 3588 ‘concio’
321 3539 373 3588 293
394 3529 520 3586 ‘Chuins'
543 3532 638 3587 ‘cecis'
695 3538 747 3587 299
768 3531 860 3598 ‘Signi
880 3535 992 3604 potens’
