2354 3946
355 187 415 246 Vll.
443 186 570 244 PASSIO
590 187 616 245 S.
636 188 808 245 ARNULFI.
1024 188 1089 253 123

72 351 251 437 Egregiam
274 350 404 416 laudem
427 372 502 415 curn
525 350 646 417 sanctis
670 351 739 415 eius
762 351 796 414 in
821 352 910 436 aula,

10 458 54 507 >00
75 441 138 517 Qui
161 461 280 504 nomen
304 440 441 504 laudant
464 439 566 524 ipsius
590 440 821 525 glorificantes.

72 528 143 593 Nos
168 532 291 611 autem,
314 528 495 593 venerande
517 532 619 613 pater,
644 550 725 613 quos
748 530 877 594 vincula
898 531 1034 594 nectunt

72 617 253 683 Multorum
277 617 435 681 scelerum
460 639 559 703 grave
581 619 707 702 pondus
732 620 765 682 et
788 616 945 701 opprimit
967 616 1056 683 intus

73 706 264 790 Culparum,
288 710 324 770 tu
348 707 437 771 solve
459 705 515 790 pia
537 728 632 789 prece
654 706 791 770 nexibus
814 706 887 771 istis

74 796 183 879 Atque
207 794 279 859 leva
301 798 395 859 tanto
418 795 556 859 nimium
580 795 640 859 sub
663 793 752 859 fasce
776 798 946 881 grarat0s3

10 900 53 950 >05
72 883 216 948 Infirmis
239 882 334 948 nobis
357 883 407 946 fer
431 904 526 965 opem
548 883 711 968 laesisque
734 883 882 948 salutem.

72 972 136 1036 Hic
149 972 257 1048 *nimis
280 971 403 1037 adflicti
425 972 622 1036 tabescimus
646 971 743 1037 huius
766 972 800 1036 in
823 972 899 1037 imis

73 1060 267 1146 Gurgitibus
290 1059 415 1144 mundi;
443 1083 521 1126 nam
544 1061 684 1125 suscitat
706 1060 764 1124 ille
787 1061 946 1126 minacem

71 1149 233 1232 Euripum
255 1170 371 1234 proras
396 1149 529 1214 solitum
553 1150 733 1235 dimergere
756 1148 867 1232 fundo,
1068 1211 1080 1217 ,
1105 1171 1121 1212 r.
1134 1163 1175 1211 aa*

73 1237 135 1313 Qui
159 1259 291 1321 spumas
315 1237 428 1321 procul
451 1237 595 1302 intentat
617 1238 799 1323 torquendo
822 1241 976 1322 potenter

10 1343 53 1393 >10
73 1326 291 1410 Naufragium
313 1326 434 1391 nostris
458 1326 592 1411 trepidis
615 1326 790 1392 hincinde
813 1327 932 1394 carinis

71 1415 253 1499 Intentum,
277 1417 314 1478 ut
336 1415 480 1498 trepidas
504 1437 660 1501 cogamur
684 1436 834 1497 rumpere
858 1415 975 1481 buccas

70 1504 110 1568 In
132 1504 218 1568 hunc
242 1504 362 1588 quippe
385 1504 531 1568 modum:
555 1503 732 1586 ‘Miserere
756 1504 843 1580 deus,
868 1504 1029 1587 miserere,

72 1591 211 1674 Christe,
236 1591 389 1656 salutaris
412 1596 538 1676 noster;
560 1596 598 1655 tu
620 1592 749 1656 roboris
772 1595 844 1655 esto

72 1680 186 1746 Turris
210 1681 245 1744 in
269 1681 422 1745 adversas
445 1680 541 1746 nobis
564 1680 803 1764 trepidantibus
827 1678 939 1762 undas,

10 1788 50 1836 r15
71 1768 118 1834 Ut
141 1769 256 1835 classis
279 1769 352 1834 velo
375 1772 545 1854 percurrat
567 1772 682 1834 nostra
704 1768 853 1850 secundo,

70 1857 141 1924 Nee
164 1880 224 1924 nos
248 1862 376 1944 mergat
401 1878 503 1942 aquae
526 1861 715 1942 tempestas,
737 1878 797 1921 nos
820 1877 924 1941 neque
947 1858 1017 1921 taet

72 1945 211 2012 Sorbeat
234 1947 302 2011 ulla
325 1969 426 2030 rapax
450 1950 484 2011 et
506 1946 578 2011 dira
601 1967 726 2031 vorago
748 1943 915 2030 profundi,

69 2035 140 2102 Nec
162 2040 280 2120 puteus
303 2036 398 2100 nobis
422 2035 621 2100 horrendum
644 2034 767 2118 pandat
787 2033 930 2116 hiatum,

71 2122 134 2190 Sed
158 2129 290 2210 portum
312 2125 409 2189 nobis
433 2125 564 2189 dimotis
589 2124 664 2190 cede
688 2122 805 2207 quietis

10 2232 50 2282 20
71 2212 285 2299 Naufragiis?
326 2213 398 2278 Hoc
421 2235 518 2297 posce
541 2214 617 2297 tuis,
640 2211 788 2295 Amulio,
810 2209 948 2295 pusillis,

72 2301 119 2368 Ut
142 2302 309 2366 dominum
333 2302 430 2387 digne
452 2307 561 2367 tecum
584 2301 718 2366 laudare
741 2321 908 2386 queamus.

70 2389 202 2475 Restat,
226 2390 304 2476 quid
326 2390 426 2455 fuerit
449 2391 489 2455 de
512 2395 626 2456 saneto
650 2411 786 2474 corpore
809 2388 942 2453 factum.

72 2478 171 2545 Cuius
195 2479 236 2543 ad
260 2480 467 2544 altevolans
490 2479 553 2544 sibi
577 2478 722 2563 praemia
745 2481 841 2561 parta
863 2476 987 2560 recepit

73 2566 230 2652 Spiritus3
252 2567 372 2632 idcirco
396 2590 493 2652 super
516 2571 697 2632 memorata
720 2566 907 2648 frequenter

10 2674 50 2725 25
74 2654 200 2740 Sponsa
224 2657 287 2721 sibi
310 2679 434 2721 memor
456 2656 594 2721 iniuncti
617 2655 780 2738 complere
804 2652 954 2718 decenter

72 2745 221 2810 Festinat
244 2745 378 2828 cupiens
401 2751 434 2810 et
458 2746 555 2831 digne
578 2743 799 2827 percelebrato

70 2833 208 2899 Funeris
232 2833 339 2899 officio
362 2833 453 2917 prius
476 2833 558 2897 illud
582 2854 680 2917 quam
704 2830 848 2895 studiose

72 2920 300 3006 Compositum
323 2923 470 3005 plaustro
494 2923 561 2986 iam
584 2921 735 2985 sublevat
758 2919 832 2983 inde
855 2917 1048 3000 vehendum,

73 3010 224 3096 Dumque
246 3010 345 3074 itiner
369 3014 499 3095 gratum
522 3009 600 3074 felix
624 3009 810 3074 extenderet
832 3006 920 3091 illuc,

11 3118 51 3168 00
73 3097 144 3174 Quo
170 3099 380 3184 gradiebatur
403 3121 475 3163 cum
499 3098 598 3183 digno
621 3097 756 3183 pignere
779 3097 881 3182 virg0,
905 3131 947 3141 —

70 3188 148 3253 Non
171 3188 259 3253 valet
282 3188 450 3272 abscondi,
474 3187 755 3273 quodvultdeus
779 3183 942 3250 enucleari
966 3218 1005 3228 -
1104 3193 1171 3242 arar

146 3420 216 3470 1006
237 3413 382 3482 ‘lenisque’
437 3421 506 3471 1006
528 3414 649 3469 ‘afflicti’
703 3418 771 3468 1008
787 3410 965 3480 ‘Eurippum'
1016 3413 1086 3464 1011

73 3486 240 3541 ‘intentum’
270 3501 324 3540 sec.
348 3503 385 3539 m.
408 3484 438 3539 in
462 3485 634 3540 ‘Interitum'
659 3486 800 3539 mutatum
826 3481 940 3538 videtur
1018 3484 1088 3537 1016

73 3555 165 3612 ‘tetri’
223 3562 292 3611 1023
314 3555 444 3626 ‘premia’
502 3561 571 3611 1026
593 3556 701 3626 ‘dipao’
