<?xml version="1.0" encoding="UTF-8"?>
<!DOCTYPE html PUBLIC "-//W3C//DTD XHTML 1.0 Transitional//EN"
    "http://www.w3.org/TR/xhtml1/DTD/xhtml1-transitional.dtd">
<html xmlns="http://www.w3.org/1999/xhtml" xml:lang="en" lang="en">
 <head>
  <title>
</title>
<meta http-equiv="Content-Type" content="text/html;charset=utf-8" />
  <meta name='ocr-system' content='tesseract 3.04.00' />
  <meta name='ocr-capabilities' content='ocr_page ocr_carea ocr_par ocr_line ocrx_word'/>
</head>
<body>
  <div class='ocr_page' id='page_1' title='image "./grammaticiopera00virggoog_0340.png"; bbox 0 0 2354 3946; ppageno 0'>
   <div class='ocr_carea' id='block_1_1' title="bbox 334 164 1067 265">
    <p class='ocr_par' dir='ltr' id='par_1_1' title="bbox 334 164 1067 265">
     <span class='ocr_line' id='line_1_1' title="bbox 334 164 1067 265; baseline 0.014 -22"><span class='ocrx_word' id='word_1_1' title='bbox 334 188 395 244; x_wconf 87' lang='lat' dir='ltr'><strong>vu.</strong></span> <span class='ocrx_word' id='word_1_2' title='bbox 423 188 550 245; x_wconf 76' lang='lat' dir='ltr'><strong>Prssro</strong></span> <span class='ocrx_word' id='word_1_3' title='bbox 570 164 596 244; x_wconf 79' lang='lat' dir='ltr'><strong>&#39;a</strong></span> <span class='ocrx_word' id='word_1_4' title='bbox 616 187 788 265; x_wconf 71' lang='lat' dir='ltr'><strong>auruum.</strong></span> <span class='ocrx_word' id='word_1_5' title='bbox 1004 187 1067 253; x_wconf 75' lang='lat'><strong>107</strong></span> 
     </span>
    </p>
   </div>
   <div class='ocr_carea' id='block_1_2' title="bbox 10 349 1067 1323">
    <p class='ocr_par' dir='ltr' id='par_1_2' title="bbox 55 349 979 612">
     <span class='ocr_line' id='line_1_2' title="bbox 55 349 979 437; baseline 0 -21"><span class='ocrx_word' id='word_1_6' title='bbox 55 351 171 417; x_wconf 88' lang='lat' dir='ltr'><strong>Fontis</strong></span> <span class='ocrx_word' id='word_1_7' title='bbox 195 351 405 416; x_wconf 78' lang='lat' dir='ltr'>inexhausti?</span> <span class='ocrx_word' id='word_1_8' title='bbox 442 349 545 427; x_wconf 82' lang='lat' dir='ltr'><strong>Quem</strong></span> <span class='ocrx_word' id='word_1_9' title='bbox 568 351 598 416; x_wconf 89' lang='lat' dir='ltr'><strong>si</strong></span> <span class='ocrx_word' id='word_1_10' title='bbox 610 350 809 436; x_wconf 82' lang='lat' dir='ltr'><strong>¹praecordia</strong></span> <span class='ocrx_word' id='word_1_11' title='bbox 832 355 979 437; x_wconf 76' lang='lat' dir='ltr'><strong>gustent,</strong></span> 
     </span>
     <span class='ocr_line' id='line_1_3' title="bbox 56 440 854 525; baseline -0.001 -21"><span class='ocrx_word' id='word_1_12' title='bbox 56 440 183 504; x_wconf 81' lang='lat' dir='ltr'><strong>Fundet</strong></span> <span class='ocrx_word' id='word_1_13' title='bbox 206 462 307 524; x_wconf 88' lang='lat' dir='ltr'><strong>aquas</strong></span> <span class='ocrx_word' id='word_1_14' title='bbox 325 440 418 505; x_wconf 79' lang='lat' dir='ltr'><strong>vivas</strong></span> <span class='ocrx_word' id='word_1_15' title='bbox 440 445 562 525; x_wconf 89' lang='lat' dir='ltr'><strong>uterus,</strong></span> <span class='ocrx_word' id='word_1_16' title='bbox 583 441 638 505; x_wconf 86' lang='lat' dir='ltr'><strong>vel</strong></span> <span class='ocrx_word' id='word_1_17' title='bbox 660 441 718 505; x_wconf 91' lang='lat' dir='ltr'><strong>fiet</strong></span> <span class='ocrx_word' id='word_1_18' title='bbox 739 440 774 504; x_wconf 92' lang='lat' dir='ltr'><strong>in</strong></span> <span class='ocrx_word' id='word_1_19' title='bbox 796 440 854 504; x_wconf 90' lang='lat' dir='ltr'><strong>illo</strong></span> 
     </span>
     <span class='ocr_line' id='line_1_4' title="bbox 56 527 938 612; baseline -0.001 -19"><span class='ocrx_word' id='word_1_20' title='bbox 56 527 160 593; x_wconf 87' lang='lat' dir='ltr'><strong>Vivus</strong></span> <span class='ocrx_word' id='word_1_21' title='bbox 184 551 288 612; x_wconf 87' lang='lat' dir='ltr'><strong>aquae</strong></span> <span class='ocrx_word' id='word_1_22' title='bbox 310 530 385 594; x_wconf 87' lang='lat' dir='ltr'><strong>fons</strong></span> <span class='ocrx_word' id='word_1_23' title='bbox 408 529 444 592; x_wconf 96' lang='lat' dir='ltr'><strong>in</strong></span> <span class='ocrx_word' id='word_1_24' title='bbox 466 529 570 593; x_wconf 86' lang='lat' dir='ltr'><strong>vitam</strong></span> <span class='ocrx_word' id='word_1_25' title='bbox 594 534 761 594; x_wconf 81' lang='lat' dir='ltr'><strong>aeternam</strong></span> <span class='ocrx_word' id='word_1_26' title='bbox 784 528 938 593; x_wconf 89' lang='lat' dir='ltr'><strong>salientis.</strong></span> 
     </span>
    </p>

    <p class='ocr_par' dir='ltr' id='par_1_3' title="bbox 10 616 1009 1057">
     <span class='ocr_line' id='line_1_5' title="bbox 10 616 906 701; baseline -0.006 -15"><span class='ocrx_word' id='word_1_27' title='bbox 10 635 37 686; x_wconf 78' lang='lat'><strong>35</strong></span> <span class='ocrx_word' id='word_1_28' title='bbox 58 617 120 693; x_wconf 86' lang='lat' dir='ltr'><strong>Qui</strong></span> <span class='ocrx_word' id='word_1_29' title='bbox 144 617 228 701; x_wconf 88' lang='lat' dir='ltr'><strong>sitit,</strong></span> <span class='ocrx_word' id='word_1_30' title='bbox 252 617 292 681; x_wconf 88' lang='lat' dir='ltr'><strong>ad</strong></span> <span class='ocrx_word' id='word_1_31' title='bbox 315 639 427 682; x_wconf 85' lang='lat' dir='ltr'><strong>vocem</strong></span> <span class='ocrx_word' id='word_1_32' title='bbox 451 617 574 681; x_wconf 91' lang='lat' dir='ltr'><strong>domini</strong></span> <span class='ocrx_word' id='word_1_33' title='bbox 596 617 708 683; x_wconf 85' lang='lat' dir='ltr'><strong>veniat</strong></span> <span class='ocrx_word' id='word_1_34' title='bbox 733 616 906 682; x_wconf 84' lang='lat' dir='ltr'><strong>bibiturus:</strong></span> 
     </span>
     <span class='ocr_line' id='line_1_6' title="bbox 56 705 1009 791; baseline 0.002 -21"><span class='ocrx_word' id='word_1_35' title='bbox 56 705 118 770; x_wconf 87' lang='lat' dir='ltr'><strong>Illa</strong></span> <span class='ocrx_word' id='word_1_36' title='bbox 141 707 198 770; x_wconf 88' lang='lat' dir='ltr'><strong>dat</strong></span> <span class='ocrx_word' id='word_1_37' title='bbox 221 705 307 770; x_wconf 90' lang='lat' dir='ltr'><strong>huno</strong></span> <span class='ocrx_word' id='word_1_38' title='bbox 329 706 470 791; x_wconf 87' lang='lat' dir='ltr'><strong>laticem,</strong></span> <span class='ocrx_word' id='word_1_39' title='bbox 495 705 551 790; x_wconf 90' lang='lat' dir='ltr'><strong>qui</strong></span> <span class='ocrx_word' id='word_1_40' title='bbox 574 705 724 770; x_wconf 88' lang='lat' dir='ltr'><strong>sordibus</strong></span> <span class='ocrx_word' id='word_1_41' title='bbox 747 705 866 770; x_wconf 91' lang='lat' dir='ltr'><strong>intima</strong></span> <span class='ocrx_word' id='word_1_42' title='bbox 889 710 1009 791; x_wconf 87' lang='lat' dir='ltr'><strong>purgat</strong></span> 
     </span>
     <span class='ocr_line' id='line_1_7' title="bbox 56 794 886 880; baseline 0.001 -22"><span class='ocrx_word' id='word_1_43' title='bbox 56 795 165 880; x_wconf 88' lang='lat' dir='ltr'><strong>Atque</strong></span> <span class='ocrx_word' id='word_1_44' title='bbox 188 794 293 859; x_wconf 86' lang='lat' dir='ltr'><strong>malos</strong></span> <span class='ocrx_word' id='word_1_45' title='bbox 313 799 427 878; x_wconf 31' lang='lat' dir='ltr'><strong>,aestus</strong></span> <span class='ocrx_word' id='word_1_46' title='bbox 451 794 629 880; x_wconf 83' lang='lat' dir='ltr'><strong>exstinguit</strong></span> <span class='ocrx_word' id='word_1_47' title='bbox 653 795 886 859; x_wconf 88' lang='lat' dir='ltr'><strong>etesurientes</strong></span> 
     </span>
     <span class='ocr_line' id='line_1_8' title="bbox 54 881 870 948; baseline 0 -2"><span class='ocrx_word' id='word_1_48' title='bbox 54 881 165 948; x_wconf 88' lang='lat' dir='ltr'><strong>Pascit</strong></span> <span class='ocrx_word' id='word_1_49' title='bbox 188 881 395 946; x_wconf 72' lang='lat' dir='ltr'><strong>abundanter</strong></span> <span class='ocrx_word' id='word_1_50' title='bbox 414 904 540 947; x_wconf 84' lang='lat' dir='ltr'><strong>necnon</strong></span> <span class='ocrx_word' id='word_1_51' title='bbox 563 883 750 948; x_wconf 90' lang='lat' dir='ltr'><strong>sitientibus</strong></span> <span class='ocrx_word' id='word_1_52' title='bbox 775 882 870 948; x_wconf 88' lang='lat' dir='ltr'><strong>offert</strong></span> 
     </span>
     <span class='ocr_line' id='line_1_9' title="bbox 55 971 851 1057; baseline 0.001 -23"><span class='ocrx_word' id='word_1_53' title='bbox 55 971 177 1036; x_wconf 86' lang='lat' dir='ltr'><strong>Pocula</strong></span> <span class='ocrx_word' id='word_1_54' title='bbox 199 972 297 1056; x_wconf 90' lang='lat' dir='ltr'><strong>plena</strong></span> <span class='ocrx_word' id='word_1_55' title='bbox 318 993 378 1036; x_wconf 90' lang='lat' dir='ltr'><strong>neo</strong></span> <span class='ocrx_word' id='word_1_56' title='bbox 401 972 537 1036; x_wconf 88' lang='lat' dir='ltr'><strong>ulterius</strong></span> <span class='ocrx_word' id='word_1_57' title='bbox 560 972 732 1056; x_wconf 85' lang='lat' dir='ltr'><strong>permittet</strong></span> <span class='ocrx_word' id='word_1_58' title='bbox 754 993 851 1057; x_wconf 88' lang='lat' dir='ltr'><strong>egere</strong></span> 
     </span>
    </p>

    <p class='ocr_par' dir='ltr' id='par_1_4' title="bbox 10 1058 1067 1323">
     <span class='ocr_line' id='line_1_10' title="bbox 10 1058 997 1145; baseline -0.005 -17"><span class='ocrx_word' id='word_1_59' title='bbox 10 1079 37 1128; x_wconf 73' lang='lat'><strong>&gt;0</strong></span> <span class='ocrx_word' id='word_1_60' title='bbox 56 1059 127 1125; x_wconf 91' lang='lat' dir='ltr'><strong>Hos</strong></span> <span class='ocrx_word' id='word_1_61' title='bbox 150 1059 277 1124; x_wconf 88' lang='lat' dir='ltr'><strong>horum.</strong></span> <span class='ocrx_word' id='word_1_62' title='bbox 318 1058 389 1125; x_wconf 90' lang='lat' dir='ltr'><strong>Nos</strong></span> <span class='ocrx_word' id='word_1_63' title='bbox 413 1080 492 1145; x_wconf 88' lang='lat' dir='ltr'><strong>ergo</strong></span> <span class='ocrx_word' id='word_1_64' title='bbox 515 1060 572 1124; x_wconf 90' lang='lat' dir='ltr'><strong>citi</strong></span> <span class='ocrx_word' id='word_1_65' title='bbox 595 1082 806 1144; x_wconf 83' lang='lat' dir='ltr'><strong>properemus</strong></span> <span class='ocrx_word' id='word_1_66' title='bbox 830 1059 871 1124; x_wconf 93' lang='lat' dir='ltr'><strong>ad</strong></span> <span class='ocrx_word' id='word_1_67' title='bbox 892 1059 997 1142; x_wconf 90' lang='lat' dir='ltr'><strong>illam,</strong></span> 
     </span>
     <span class='ocr_line' id='line_1_11' title="bbox 57 1147 1067 1233; baseline 0 -21"><span class='ocrx_word' id='word_1_68' title='bbox 57 1147 255 1223; x_wconf 80' lang='lat' dir='ltr'><strong>Quaecibus</strong></span> <span class='ocrx_word' id='word_1_69' title='bbox 275 1151 378 1212; x_wconf 91' lang='lat' dir='ltr'><strong>estet</strong></span> <span class='ocrx_word' id='word_1_70' title='bbox 401 1152 508 1232; x_wconf 88' lang='lat' dir='ltr'><strong>potus,</strong></span> <span class='ocrx_word' id='word_1_71' title='bbox 531 1171 658 1233; x_wconf 90' lang='lat' dir='ltr'><strong>aquam.</strong></span> <span class='ocrx_word' id='word_1_72' title='bbox 694 1147 770 1214; x_wconf 91' lang='lat' dir='ltr'><strong>Non</strong></span> <span class='ocrx_word' id='word_1_73' title='bbox 793 1149 873 1214; x_wconf 86' lang='lat' dir='ltr'><strong>haec</strong></span> <span class='ocrx_word' id='word_1_74' title='bbox 896 1153 1067 1232; x_wconf 90' lang='lat' dir='ltr'><strong>argentum</strong></span> 
     </span>
     <span class='ocr_line' id='line_1_12' title="bbox 55 1235 1022 1323; baseline 0.002 -23"><span class='ocrx_word' id='word_1_75' title='bbox 55 1235 120 1301; x_wconf 93' lang='lat' dir='ltr'><strong>Pro</strong></span> <span class='ocrx_word' id='word_1_76' title='bbox 143 1238 249 1321; x_wconf 87' lang='lat' dir='ltr'><strong>pretio</strong></span> <span class='ocrx_word' id='word_1_77' title='bbox 273 1241 457 1322; x_wconf 86' lang='lat' dir='ltr'><strong>extorquet:</strong></span> <span class='ocrx_word' id='word_1_78' title='bbox 485 1237 588 1322; x_wconf 84' lang='lat' dir='ltr'><strong>gratis</strong></span> <span class='ocrx_word' id='word_1_79' title='bbox 612 1237 709 1302; x_wconf 89' lang='lat' dir='ltr'><strong>datur</strong></span> <span class='ocrx_word' id='word_1_80' title='bbox 732 1238 882 1302; x_wconf 90' lang='lat' dir='ltr'><strong>omnibus</strong></span> <span class='ocrx_word' id='word_1_81' title='bbox 907 1237 1022 1323; x_wconf 85' lang='lat' dir='ltr'><strong>aegris.</strong></span> 
     </span>
    </p>
   </div>
   <div class='ocr_carea' id='block_1_3' title="bbox 203 1374 918 1446">
    <p class='ocr_par' dir='ltr' id='par_1_5' title="bbox 203 1374 918 1446">
     <span class='ocr_line' id='line_1_13' title="bbox 203 1374 918 1446; baseline 0.003 -18"><span class='ocrx_word' id='word_1_82' title='bbox 203 1375 283 1441; x_wconf 81' lang='lat' dir='ltr'><strong>Quod</strong></span> <span class='ocrx_word' id='word_1_83' title='bbox 301 1374 417 1430; x_wconf 84' lang='lat' dir='ltr'><strong>iubente</strong></span> <span class='ocrx_word' id='word_1_84' title='bbox 436 1378 533 1430; x_wconf 88' lang='lat' dir='ltr'><strong>sancto</strong></span> <span class='ocrx_word' id='word_1_85' title='bbox 552 1375 682 1446; x_wconf 81' lang='lat' dir='ltr'><strong>Remigio</strong></span> <span class='ocrx_word' id='word_1_86' title='bbox 701 1376 812 1430; x_wconf 81' lang='lat' dir='ltr'><strong>venerit</strong></span> <span class='ocrx_word' id='word_1_87' title='bbox 828 1376 918 1446; x_wconf 87' lang='lat' dir='ltr'><strong>virgo.</strong></span> 
     </span>
    </p>
   </div>
   <div class='ocr_carea' id='block_1_4' title="bbox 10 1483 1153 2454">
    <p class='ocr_par' dir='ltr' id='par_1_6' title="bbox 55 1483 943 1656">
     <span class='ocr_line' id='line_1_14' title="bbox 56 1483 943 1568; baseline 0 -20"><span class='ocrx_word' id='word_1_88' title='bbox 56 1483 102 1548; x_wconf 83' lang='lat' dir='ltr'><strong>At</strong></span> <span class='ocrx_word' id='word_1_89' title='bbox 124 1489 305 1549; x_wconf 86' lang='lat' dir='ltr'><strong>memorata</strong></span> <span class='ocrx_word' id='word_1_90' title='bbox 329 1506 426 1568; x_wconf 87' lang='lat' dir='ltr'><strong>super</strong></span> <span class='ocrx_word' id='word_1_91' title='bbox 449 1483 644 1568; x_wconf 82' lang='lat' dir='ltr'><strong>Scariberga</strong></span> <span class='ocrx_word' id='word_1_92' title='bbox 667 1484 803 1549; x_wconf 87' lang='lat' dir='ltr'><strong>iubetur</strong></span> <span class='ocrx_word' id='word_1_93' title='bbox 820 1485 943 1566; x_wconf 87' lang='lat' dir='ltr'><strong>adesse,</strong></span> 
     </span>
     <span class='ocr_line' id='line_1_15' title="bbox 55 1572 938 1656; baseline 0.001 -20"><span class='ocrx_word' id='word_1_94' title='bbox 55 1572 102 1637; x_wconf 90' lang='lat' dir='ltr'><strong>Ut</strong></span> <span class='ocrx_word' id='word_1_95' title='bbox 123 1573 246 1656; x_wconf 85' lang='lat' dir='ltr'><strong>pariter</strong></span> <span class='ocrx_word' id='word_1_96' title='bbox 270 1595 383 1637; x_wconf 88' lang='lat' dir='ltr'><strong>sensus</strong></span> <span class='ocrx_word' id='word_1_97' title='bbox 407 1576 603 1638; x_wconf 85' lang='lat' dir='ltr'><strong>renovantur</strong></span> <span class='ocrx_word' id='word_1_98' title='bbox 626 1572 662 1637; x_wconf 91' lang='lat' dir='ltr'><strong>in</strong></span> <span class='ocrx_word' id='word_1_99' title='bbox 684 1572 811 1637; x_wconf 91' lang='lat' dir='ltr'><strong>actibus</strong></span> <span class='ocrx_word' id='word_1_100' title='bbox 836 1572 938 1656; x_wconf 87' lang='lat' dir='ltr'><strong>almis,</strong></span> 
     </span>
    </p>

    <p class='ocr_par' dir='ltr' id='par_1_7' title="bbox 10 1660 1153 2099">
     <span class='ocr_line' id='line_1_16' title="bbox 10 1660 1153 1746; baseline -0.003 -16"><span class='ocrx_word' id='word_1_101' title='bbox 10 1679 37 1730; x_wconf 70' lang='lat'><strong>&gt;5</strong></span> <span class='ocrx_word' id='word_1_102' title='bbox 56 1660 101 1725; x_wconf 85' lang='lat' dir='ltr'><strong>Et</strong></span> <span class='ocrx_word' id='word_1_103' title='bbox 124 1661 286 1737; x_wconf 81' lang='lat' dir='ltr'><strong>custodita</strong></span> <span class='ocrx_word' id='word_1_104' title='bbox 308 1683 366 1745; x_wconf 91' lang='lat' dir='ltr'><strong>per</strong></span> <span class='ocrx_word' id='word_1_105' title='bbox 390 1662 518 1726; x_wconf 90' lang='lat' dir='ltr'><strong>saecula</strong></span> <span class='ocrx_word' id='word_1_106' title='bbox 540 1661 732 1746; x_wconf 87' lang='lat' dir='ltr'><strong>virginitate</strong></span> <span class='ocrx_word' id='word_1_107' title='bbox 1086 1689 1153 1738; x_wconf 55' lang='lat'><strong>215:</strong></span> 
     </span>
     <span class='ocr_line' id='line_1_17' title="bbox 55 1748 837 1834; baseline -0.001 -21"><span class='ocrx_word' id='word_1_108' title='bbox 55 1749 161 1814; x_wconf 81' lang='lat' dir='ltr'><strong>Divisi</strong></span> <span class='ocrx_word' id='word_1_109' title='bbox 185 1750 377 1815; x_wconf 90' lang='lat' dir='ltr'><strong>alterutrum</strong></span> <span class='ocrx_word' id='word_1_110' title='bbox 402 1750 536 1833; x_wconf 89' lang='lat' dir='ltr'><strong>cupiant</strong></span> <span class='ocrx_word' id='word_1_111' title='bbox 559 1769 716 1834; x_wconf 82' lang='lat' dir='ltr'><strong>compage</strong></span> <span class='ocrx_word' id='word_1_112' title='bbox 739 1748 837 1833; x_wconf 87' lang='lat' dir='ltr'><strong>ligari</strong></span> 
     </span>
     <span class='ocr_line' id='line_1_18' title="bbox 55 1836 851 1923; baseline 0 -21"><span class='ocrx_word' id='word_1_113' title='bbox 55 1836 188 1903; x_wconf 79' lang='lat' dir='ltr'><strong>Christo</strong></span> <span class='ocrx_word' id='word_1_114' title='bbox 211 1842 377 1923; x_wconf 87' lang='lat' dir='ltr'><strong>perpetua.</strong></span> <span class='ocrx_word' id='word_1_115' title='bbox 418 1838 542 1904; x_wconf 87' lang='lat' dir='ltr'><strong>Ductor</strong></span> <span class='ocrx_word' id='word_1_116' title='bbox 564 1837 724 1902; x_wconf 87' lang='lat' dir='ltr'><strong>mirabilis</strong></span> <span class='ocrx_word' id='word_1_117' title='bbox 748 1837 851 1902; x_wconf 86' lang='lat' dir='ltr'><strong>instet</strong></span> 
     </span>
     <span class='ocr_line' id='line_1_19' title="bbox 54 1925 872 2012; baseline 0 -23"><span class='ocrx_word' id='word_1_118' title='bbox 54 1925 236 2012; x_wconf 81' lang='lat' dir='ltr'><strong>Remigius:</strong></span> <span class='ocrx_word' id='word_1_119' title='bbox 260 1927 359 1991; x_wconf 87' lang='lat' dir='ltr'><strong>verbo</strong></span> <span class='ocrx_word' id='word_1_120' title='bbox 384 1927 524 1992; x_wconf 86' lang='lat' dir='ltr'><strong>subeunt</strong></span> <span class='ocrx_word' id='word_1_121' title='bbox 547 1926 719 1994; x_wconf 91' lang='lat' dir='ltr'><strong>monitoris</strong></span> <span class='ocrx_word' id='word_1_122' title='bbox 742 1926 872 2008; x_wconf 89' lang='lat' dir='ltr'><strong>utrique</strong></span> 
     </span>
     <span class='ocr_line' id='line_1_20' title="bbox 54 2014 851 2099; baseline 0 -21"><span class='ocrx_word' id='word_1_123' title='bbox 54 2014 232 2098; x_wconf 87' lang='lat' dir='ltr'><strong>Imperium</strong></span> <span class='ocrx_word' id='word_1_124' title='bbox 254 2014 393 2099; x_wconf 87' lang='lat' dir='ltr'><strong>posthac</strong></span> <span class='ocrx_word' id='word_1_125' title='bbox 417 2037 531 2080; x_wconf 90' lang='lat' dir='ltr'><strong>sanum</strong></span> <span class='ocrx_word' id='word_1_126' title='bbox 555 2037 684 2080; x_wconf 86' lang='lat' dir='ltr'><strong>servare</strong></span> <span class='ocrx_word' id='word_1_127' title='bbox 706 2016 851 2079; x_wconf 87' lang='lat' dir='ltr'><strong>volentes</strong></span> 
     </span>
    </p>

    <p class='ocr_par' dir='ltr' id='par_1_8' title="bbox 10 2102 955 2454">
     <span class='ocr_line' id='line_1_21' title="bbox 10 2102 955 2189; baseline -0.004 -18"><span class='ocrx_word' id='word_1_128' title='bbox 10 2121 37 2171; x_wconf 78' lang='lat'><strong>&gt;0</strong></span> <span class='ocrx_word' id='word_1_129' title='bbox 56 2102 175 2168; x_wconf 90' lang='lat' dir='ltr'><strong>Omnia</strong></span> <span class='ocrx_word' id='word_1_130' title='bbox 196 2104 286 2168; x_wconf 85' lang='lat' dir='ltr'><strong>iussa</strong></span> <span class='ocrx_word' id='word_1_131' title='bbox 310 2103 436 2189; x_wconf 90' lang='lat' dir='ltr'><strong>sibique</strong></span> <span class='ocrx_word' id='word_1_132' title='bbox 460 2125 499 2167; x_wconf 91' lang='lat' dir='ltr'><strong>ex</strong></span> <span class='ocrx_word' id='word_1_133' title='bbox 520 2107 599 2169; x_wconf 79' lang='lat' dir='ltr'><strong>voto</strong></span> <span class='ocrx_word' id='word_1_134' title='bbox 623 2103 759 2188; x_wconf 86' lang='lat' dir='ltr'><strong>denique</strong></span> <span class='ocrx_word' id='word_1_135' title='bbox 782 2104 955 2188; x_wconf 88' lang='lat' dir='ltr'><strong>complent.</strong></span> 
     </span>
     <span class='ocr_line' id='line_1_22' title="bbox 54 2191 765 2277; baseline 0 -22"><span class='ocrx_word' id='word_1_136' title='bbox 54 2191 149 2257; x_wconf 89' lang='lat' dir='ltr'><strong>Musa</strong></span> <span class='ocrx_word' id='word_1_137' title='bbox 171 2192 311 2276; x_wconf 85' lang='lat' dir='ltr'><strong>fatigato</strong></span> <span class='ocrx_word' id='word_1_138' title='bbox 335 2192 476 2256; x_wconf 89' lang='lat' dir='ltr'><strong>tabescit</strong></span> <span class='ocrx_word' id='word_1_139' title='bbox 498 2192 632 2277; x_wconf 86' lang='lat' dir='ltr'><strong>garrula</strong></span> <span class='ocrx_word' id='word_1_140' title='bbox 655 2196 765 2275; x_wconf 72' lang='lat' dir='ltr'><strong>cantu,</strong></span> 
     </span>
     <span class='ocr_line' id='line_1_23' title="bbox 55 2279 872 2366; baseline 0.002 -22"><span class='ocrx_word' id='word_1_141' title='bbox 55 2279 229 2366; x_wconf 82' lang='lat' dir='ltr'><strong>Indulgere</strong></span> <span class='ocrx_word' id='word_1_142' title='bbox 253 2280 350 2345; x_wconf 93' lang='lat' dir='ltr'><strong>modo</strong></span> <span class='ocrx_word' id='word_1_143' title='bbox 375 2280 439 2345; x_wconf 88' lang='lat' dir='ltr'><strong>sibi</strong></span> <span class='ocrx_word' id='word_1_144' title='bbox 462 2302 513 2345; x_wconf 88' lang='lat' dir='ltr'><strong>res</strong></span> <span class='ocrx_word' id='word_1_145' title='bbox 536 2281 632 2365; x_wconf 89' lang='lat' dir='ltr'><strong>petit,</strong></span> <span class='ocrx_word' id='word_1_146' title='bbox 655 2285 692 2346; x_wconf 91' lang='lat' dir='ltr'><strong>ut</strong></span> <span class='ocrx_word' id='word_1_147' title='bbox 714 2285 872 2347; x_wconf 81' lang='lat' dir='ltr'><strong>renovato</strong></span> 
     </span>
     <span class='ocr_line' id='line_1_24' title="bbox 54 2367 905 2454; baseline 0.006 -23"><span class='ocrx_word' id='word_1_148' title='bbox 54 2367 252 2454; x_wconf 90' lang='lat' dir='ltr'><strong>Prorumpat</strong></span> <span class='ocrx_word' id='word_1_149' title='bbox 274 2369 400 2434; x_wconf 87' lang='lat' dir='ltr'><strong>calamo</strong></span> <span class='ocrx_word' id='word_1_150' title='bbox 425 2371 540 2454; x_wconf 90' lang='lat' dir='ltr'><strong>coepto</strong></span> <span class='ocrx_word' id='word_1_151' title='bbox 563 2369 714 2434; x_wconf 88' lang='lat' dir='ltr'><strong>redimita</strong></span> <span class='ocrx_word' id='word_1_152' title='bbox 737 2369 905 2436; x_wconf 91' lang='lat' dir='ltr'><strong>cothurno.</strong></span> 
     </span>
    </p>
   </div>
   <div class='ocr_carea' id='block_1_5' title="bbox 55 2541 1067 2702">
    <p class='ocr_par' dir='ltr' id='par_1_9' title="bbox 55 2541 1067 2702">
     <span class='ocr_line' id='line_1_25' title="bbox 55 2541 1067 2601; baseline 0.004 -6"><span class='ocrx_word' id='word_1_153' title='bbox 55 2541 223 2598; x_wconf 82' lang='lat' dir='ltr'>EXPLICIT</span> <span class='ocrx_word' id='word_1_154' title='bbox 245 2542 355 2597; x_wconf 82' lang='lat' dir='ltr'>LIBER</span> <span class='ocrx_word' id='word_1_155' title='bbox 378 2541 577 2601; x_wconf 83' lang='lat' dir='ltr'>SECUNDUS.</span> <span class='ocrx_word' id='word_1_156' title='bbox 614 2542 752 2599; x_wconf 76' lang='lat' dir='ltr'>INCIPIT</span> <span class='ocrx_word' id='word_1_157' title='bbox 775 2542 886 2598; x_wconf 82' lang='lat' dir='ltr'>LIBER</span> <span class='ocrx_word' id='word_1_158' title='bbox 904 2542 1067 2599; x_wconf 82' lang='lat' dir='ltr'>TERTIUS.</span> 
     </span>
     <span class='ocr_line' id='line_1_26' title="bbox 81 2630 1038 2702; baseline -0.001 -17"><span class='ocrx_word' id='word_1_159' title='bbox 81 2630 137 2685; x_wconf 91' lang='lat' dir='ltr'><strong>Ubi</strong></span> <span class='ocrx_word' id='word_1_160' title='bbox 155 2631 320 2685; x_wconf 87' lang='lat' dir='ltr'><strong>dividuntur</strong></span> <span class='ocrx_word' id='word_1_161' title='bbox 338 2631 497 2686; x_wconf 87' lang='lat' dir='ltr'><strong>abinvicem</strong></span> <span class='ocrx_word' id='word_1_162' title='bbox 515 2634 628 2687; x_wconf 85' lang='lat' dir='ltr'><strong>sanetus</strong></span> <span class='ocrx_word' id='word_1_163' title='bbox 646 2631 782 2685; x_wconf 69' lang='lat' dir='ltr'><strong>Amulius</strong></span> <span class='ocrx_word' id='word_1_164' title='bbox 800 2633 830 2686; x_wconf 92' lang='lat' dir='ltr'><strong>et</strong></span> <span class='ocrx_word' id='word_1_165' title='bbox 849 2647 952 2702; x_wconf 81' lang='lat' dir='ltr'><strong>sponsa</strong></span> <span class='ocrx_word' id='word_1_166' title='bbox 970 2631 1038 2686; x_wconf 88' lang='lat' dir='ltr'><strong>eius.</strong></span> 
     </span>
    </p>
   </div>
   <div class='ocr_carea' id='block_1_6' title="bbox 9 2737 1015 3178">
    <p class='ocr_par' dir='ltr' id='par_1_10' title="bbox 9 2737 1015 2914">
     <span class='ocr_line' id='line_1_27' title="bbox 54 2737 1015 2825; baseline 0.002 -23"><span class='ocrx_word' id='word_1_167' title='bbox 54 2737 233 2823; x_wconf 89' lang='lat' dir='ltr'><strong>Postquam</strong></span> <span class='ocrx_word' id='word_1_168' title='bbox 257 2743 388 2805; x_wconf 88' lang='lat' dir='ltr'><strong>sanctus</strong></span> <span class='ocrx_word' id='word_1_169' title='bbox 413 2762 506 2806; x_wconf 89' lang='lat' dir='ltr'><strong>amor</strong></span> <span class='ocrx_word' id='word_1_170' title='bbox 527 2740 589 2805; x_wconf 90' lang='lat' dir='ltr'><strong>hos</strong></span> <span class='ocrx_word' id='word_1_171' title='bbox 611 2740 725 2804; x_wconf 88' lang='lat' dir='ltr'><strong>nexuit</strong></span> <span class='ocrx_word' id='word_1_172' title='bbox 747 2743 845 2825; x_wconf 89' lang='lat' dir='ltr'><strong>atque</strong></span> <span class='ocrx_word' id='word_1_173' title='bbox 869 2761 1015 2804; x_wconf 90' lang='lat' dir='ltr'><strong>seorsum</strong></span> 
     </span>
     <span class='ocr_line' id='line_1_28' title="bbox 9 2827 937 2914; baseline -0.004 -19"><span class='ocrx_word' id='word_1_174' title='bbox 9 2845 36 2895; x_wconf 79' lang='lat' dir='ltr'><strong>&gt;o</strong></span> <span class='ocrx_word' id='word_1_175' title='bbox 55 2827 188 2910; x_wconf 87' lang='lat' dir='ltr'><strong>Divisit,</strong></span> <span class='ocrx_word' id='word_1_176' title='bbox 212 2863 256 2876; x_wconf 92' lang='lat'>—</span> <span class='ocrx_word' id='word_1_177' title='bbox 278 2850 356 2892; x_wconf 91' lang='lat' dir='ltr'><strong>nam</strong></span> <span class='ocrx_word' id='word_1_178' title='bbox 380 2829 478 2894; x_wconf 89' lang='lat' dir='ltr'><strong>corda</strong></span> <span class='ocrx_word' id='word_1_179' title='bbox 500 2829 599 2914; x_wconf 87' lang='lat' dir='ltr'><strong>ligat,</strong></span> <span class='ocrx_word' id='word_1_180' title='bbox 622 2829 652 2892; x_wconf 91' lang='lat' dir='ltr'><strong>si</strong></span> <span class='ocrx_word' id='word_1_181' title='bbox 675 2849 812 2912; x_wconf 86' lang='lat' dir='ltr'><strong>corpora</strong></span> <span class='ocrx_word' id='word_1_182' title='bbox 834 2827 937 2892; x_wconf 88' lang='lat' dir='ltr'><strong>findat</strong></span> 
     </span>
    </p>

    <p class='ocr_par' dir='ltr' id='par_1_11' title="bbox 55 2915 852 3002">
     <span class='ocr_line' id='line_1_29' title="bbox 55 2915 852 3002; baseline 0.003 -23"><span class='ocrx_word' id='word_1_183' title='bbox 55 2915 146 2980; x_wconf 90' lang='lat' dir='ltr'><strong>Inter</strong></span> <span class='ocrx_word' id='word_1_184' title='bbox 168 2916 297 2980; x_wconf 87' lang='lat' dir='ltr'><strong>telluris</strong></span> <span class='ocrx_word' id='word_1_185' title='bbox 323 2917 462 3000; x_wconf 87' lang='lat' dir='ltr'><strong>quodam</strong></span> <span class='ocrx_word' id='word_1_186' title='bbox 485 2918 595 3002; x_wconf 87' lang='lat' dir='ltr'><strong>posito</strong></span> <span class='ocrx_word' id='word_1_187' title='bbox 618 2916 792 2982; x_wconf 88' lang='lat' dir='ltr'><strong>intervallo</strong></span> <span class='ocrx_word' id='word_1_188' title='bbox 814 2953 852 2962; x_wconf 97' lang='lat'>—</span> 
     </span>
    </p>

    <p class='ocr_par' dir='ltr' id='par_1_12' title="bbox 55 3004 773 3090">
     <span class='ocr_line' id='line_1_30' title="bbox 55 3004 773 3090; baseline 0 -22"><span class='ocrx_word' id='word_1_189' title='bbox 55 3004 240 3090; x_wconf 80' lang='lat' dir='ltr'><strong>Accingunt</strong></span> <span class='ocrx_word' id='word_1_190' title='bbox 264 3005 355 3089; x_wconf 88' lang='lat' dir='ltr'><strong>operi</strong></span> <span class='ocrx_word' id='word_1_191' title='bbox 378 3006 488 3071; x_wconf 84' lang='lat' dir='ltr'><strong>divino</strong></span> <span class='ocrx_word' id='word_1_192' title='bbox 512 3005 643 3070; x_wconf 89' lang='lat' dir='ltr'><strong>fortiter</strong></span> <span class='ocrx_word' id='word_1_193' title='bbox 666 3006 773 3088; x_wconf 90' lang='lat' dir='ltr'><strong>ambo,</strong></span> 
     </span>
    </p>

    <p class='ocr_par' dir='ltr' id='par_1_13' title="bbox 56 3092 1014 3178">
     <span class='ocr_line' id='line_1_31' title="bbox 56 3092 1014 3178; baseline -0.002 -21"><span class='ocrx_word' id='word_1_194' title='bbox 56 3092 126 3170; x_wconf 77' lang='lat' dir='ltr'><strong>Quo</strong></span> <span class='ocrx_word' id='word_1_195' title='bbox 151 3093 263 3177; x_wconf 91' lang='lat' dir='ltr'><strong>sponsi</strong></span> <span class='ocrx_word' id='word_1_196' title='bbox 286 3093 451 3159; x_wconf 84' lang='lat' dir='ltr'><strong>thalamos</strong></span> <span class='ocrx_word' id='word_1_197' title='bbox 475 3093 608 3177; x_wconf 86' lang='lat' dir='ltr'><strong>adeant,</strong></span> <span class='ocrx_word' id='word_1_198' title='bbox 631 3093 682 3158; x_wconf 90' lang='lat' dir='ltr'><strong>cui</strong></span> <span class='ocrx_word' id='word_1_199' title='bbox 705 3115 826 3178; x_wconf 89' lang='lat' dir='ltr'><strong>sponsa</strong></span> <span class='ocrx_word' id='word_1_200' title='bbox 849 3092 1014 3175; x_wconf 84' lang='lat' dir='ltr'><strong>cohaeret,</strong></span> 
     </span>
    </p>
   </div>
   <div class='ocr_carea' id='block_1_7' title="bbox 54 3265 1068 3620">
    <p class='ocr_par' dir='ltr' id='par_1_14' title="bbox 54 3265 1068 3620">
     <span class='ocr_line' id='line_1_32' title="bbox 127 3265 1066 3336; baseline -0.002 -15"><span class='ocrx_word' id='word_1_201' title='bbox 127 3272 180 3322; x_wconf 79' lang='grc'><strong>584</strong></span> <span class='ocrx_word' id='word_1_202' title='bbox 199 3267 347 3322; x_wconf 82' lang='lat' dir='ltr'><strong>‘aternam’</strong></span> <span class='ocrx_word' id='word_1_203' title='bbox 414 3271 465 3323; x_wconf 80' lang='grc'><strong>587</strong></span> <span class='ocrx_word' id='word_1_204' title='bbox 487 3267 575 3322; x_wconf 83' lang='lat' dir='ltr'><strong>‘estus</strong></span> <span class='ocrx_word' id='word_1_205' title='bbox 598 3266 747 3336; x_wconf 87' lang='lat' dir='ltr'><strong>extinguit’</strong></span> <span class='ocrx_word' id='word_1_206' title='bbox 809 3271 862 3320; x_wconf 79' lang='lat'><strong>588</strong></span> <span class='ocrx_word' id='word_1_207' title='bbox 882 3265 1066 3320; x_wconf 79' lang='lat' dir='ltr'><strong>‘habundant’</strong></span> 
     </span>
     <span class='ocr_line' id='line_1_33' title="bbox 56 3336 1067 3408; baseline 0 -18"><span class='ocrx_word' id='word_1_208' title='bbox 56 3338 120 3392; x_wconf 82' lang='lat' dir='ltr'><strong>‘neo</strong></span> <span class='ocrx_word' id='word_1_209' title='bbox 142 3339 211 3392; x_wconf 90' lang='lat' dir='ltr'><strong>non’</strong></span> <span class='ocrx_word' id='word_1_210' title='bbox 277 3342 328 3392; x_wconf 79' lang='lat'><strong>591</strong></span> <span class='ocrx_word' id='word_1_211' title='bbox 350 3338 432 3408; x_wconf 79' lang='lat' dir='ltr'><strong>‘Qua’</strong></span> <span class='ocrx_word' id='word_1_212' title='bbox 460 3338 535 3393; x_wconf 85' lang='lat' dir='ltr'><strong>‘heo’</strong></span> <span class='ocrx_word' id='word_1_213' title='bbox 602 3342 654 3391; x_wconf 76' lang='lat'><strong>592</strong></span> <span class='ocrx_word' id='word_1_214' title='bbox 675 3337 760 3407; x_wconf 76' lang='lat' dir='ltr'><strong>‘Prop</strong></span> <span class='ocrx_word' id='word_1_215' title='bbox 777 3337 828 3391; x_wconf 84' lang='lat' dir='ltr'><strong>tio’</strong></span> <span class='ocrx_word' id='word_1_216' title='bbox 851 3336 948 3407; x_wconf 83' lang='lat' dir='ltr'><strong>‘egris’</strong></span> <span class='ocrx_word' id='word_1_217' title='bbox 1015 3341 1067 3390; x_wconf 78' lang='lat'><strong>595</strong></span> 
     </span>
     <span class='ocr_line' id='line_1_34' title="bbox 56 3407 1068 3479; baseline -0.002 -16"><span class='ocrx_word' id='word_1_218' title='bbox 56 3408 134 3479; x_wconf 78' lang='lat' dir='ltr'><strong>‘prae</strong></span> <span class='ocrx_word' id='word_1_219' title='bbox 146 3408 255 3464; x_wconf 79' lang='lat' dir='ltr'><strong>sanota’</strong></span> <span class='ocrx_word' id='word_1_220' title='bbox 272 3412 356 3463; x_wconf 88' lang='lat' dir='ltr'><strong>notae</strong></span> <span class='ocrx_word' id='word_1_221' title='bbox 369 3425 516 3479; x_wconf 88' lang='lat' dir='ltr'><strong>perperam</strong></span> <span class='ocrx_word' id='word_1_222' title='bbox 535 3408 566 3461; x_wconf 93' lang='lat' dir='ltr'><strong>in</strong></span> <span class='ocrx_word' id='word_1_223' title='bbox 579 3408 743 3478; x_wconf 81' lang='lat' dir='ltr'><strong>apographo</strong></span> <span class='ocrx_word' id='word_1_224' title='bbox 757 3411 852 3463; x_wconf 88' lang='lat' dir='ltr'><strong>nostro</strong></span> <span class='ocrx_word' id='word_1_225' title='bbox 866 3407 1068 3476; x_wconf 85' lang='lat' dir='ltr'><strong>interpretatae</strong></span> 
     </span>
     <span class='ocr_line' id='line_1_35' title="bbox 54 3476 1068 3549; baseline -0.006 -15"><span class='ocrx_word' id='word_1_226' title='bbox 54 3479 188 3535; x_wconf 82' lang='lat' dir='ltr'><strong>videntur</strong></span> <span class='ocrx_word' id='word_1_227' title='bbox 243 3485 295 3533; x_wconf 83' lang='lat'><strong>600</strong></span> <span class='ocrx_word' id='word_1_228' title='bbox 311 3479 377 3534; x_wconf 83' lang='lat' dir='ltr'><strong>‘sibi</strong></span> <span class='ocrx_word' id='word_1_229' title='bbox 396 3480 435 3549; x_wconf 91' lang='lat' dir='ltr'><strong>q.’</strong></span> <span class='ocrx_word' id='word_1_230' title='bbox 493 3484 544 3534; x_wconf 83' lang='grc'><strong>608</strong></span> <span class='ocrx_word' id='word_1_231' title='bbox 561 3478 666 3548; x_wconf 86' lang='lat' dir='ltr'><strong>‘cepto’</strong></span> <span class='ocrx_word' id='word_1_232' title='bbox 689 3478 829 3534; x_wconf 80' lang='lat' dir='ltr'><strong>‘coturno’</strong></span> <span class='ocrx_word' id='word_1_233' title='bbox 847 3509 880 3518; x_wconf 98' lang='lat'>-</span> <span class='ocrx_word' id='word_1_234' title='bbox 897 3476 1016 3535; x_wconf 77' lang='lat' dir='ltr'><strong>‘lium’</strong></span> <span class='ocrx_word' id='word_1_235' title='bbox 1033 3507 1068 3518; x_wconf 91' lang='lat'>-</span> 
     </span>
     <span class='ocr_line' id='line_1_36' title="bbox 56 3549 936 3620; baseline -0.001 -14"><span class='ocrx_word' id='word_1_236' title='bbox 56 3556 107 3606; x_wconf 71' lang='lat'><strong>60⁹1</strong></span> <span class='ocrx_word' id='word_1_237' title='bbox 128 3551 309 3620; x_wconf 80' lang='lat' dir='ltr'><strong>‘Accingunt’</strong></span> <span class='ocrx_word' id='word_1_238' title='bbox 330 3567 384 3605; x_wconf 86' lang='lat' dir='ltr'><strong>see.</strong></span> <span class='ocrx_word' id='word_1_239' title='bbox 403 3568 441 3606; x_wconf 90' lang='lat' dir='ltr'><strong>m.</strong></span> <span class='ocrx_word' id='word_1_240' title='bbox 460 3564 597 3620; x_wconf 83' lang='lat' dir='ltr'><strong>supersor.</strong></span> <span class='ocrx_word' id='word_1_241' title='bbox 618 3549 670 3604; x_wconf 80' lang='lat' dir='ltr'><strong>‘se’</strong></span> <span class='ocrx_word' id='word_1_242' title='bbox 728 3554 779 3605; x_wconf 84' lang='grc'><strong>608</strong></span> <span class='ocrx_word' id='word_1_243' title='bbox 800 3549 936 3607; x_wconf 87' lang='lat' dir='ltr'><strong>‘coharet&#39;</strong></span> 
     </span>
    </p>
   </div>
   <div class='ocr_carea' id='block_1_8' title="bbox 0 0 1184 3946">
    <p class='ocr_par' dir='ltr' id='par_1_15' title="bbox 0 0 1184 3946">
     <span class='ocr_line' id='line_1_37' title="bbox 0 0 1184 3946; baseline 0 0"><span class='ocrx_word' id='word_1_244' title='bbox 0 0 1184 3946; x_wconf 95' lang='lat' dir='ltr'><strong> </strong></span> 
     </span>
    </p>
   </div>
  </div>
 </body>
</html>
