2354 3946
105 185 164 250 148
328 181 483 238 viasrnn
501 181 666 237 ursonis
684 181 895 238 EPISTOLAE.
945 201 949 212 ·

188 335 238 400 De
266 336 411 419 optatiuo
439 355 565 420 quoque
593 334 688 399 modo
709 335 843 400 famosis
866 339 899 401 et
920 335 1126 401 uentilabilis

104 421 249 505 quaestio
279 421 439 504 nascitur,
468 422 578 484 utrum
601 440 738 502 namque
760 420 796 484 in
818 420 1033 485 declinatione
1057 426 1126 486 tres

103 508 232 570 tentum
254 508 435 589 temporum
458 503 649 569 efficientias
671 503 820 569 ostendit.
857 505 905 569 ita
927 506 1023 569 etiam
1038 507 1126 570 ratio

103 591 288 668 continuat,
313 593 421 654 utrum
443 589 619 654 secundum
635 609 744 653 eorum
759 589 1016 672 intellegentiam
1031 611 1125 673 prae-

77 691 177 739 usens
212 679 338 759 tempus
372 677 406 738 et
437 673 647 758 praeteritum
674 673 886 757 inperfectum
913 673 1027 738 modus
1056 695 1125 739 non

104 760 253 843 recipiat,
284 781 325 823 an
354 759 461 843 potius
485 759 548 823 duo
571 761 716 841 tempora
737 759 797 822 sub
819 779 884 822 una
906 758 1124 824 declinatione

102 844 156 908 uel
177 846 311 928 propter
333 842 426 908 latini
448 845 550 908 status
570 841 761 906 breuitatem
774 842 939 906 ueletiam
953 846 991 907 ut
1005 841 1125 908 auden-

102 929 168 993 tius
190 929 310 1007 dicam,
334 932 465 1011 propter
487 926 671 1010 angustiam
703 947 761 1010 per
788 926 869 991 duos
896 927 1025 991 ordines
1048 948 1125 993 con·

101 1013 283 1091 timeantur,
305 1016 342 1076 ut
362 1033 434 1076 cum
449 1011 584 1075 dicimus
599 1013 725 1077 atinam
739 1031 886 1093 raperem
899 1014 933 1076 et
946 1012 988 1075 ad
1002 1015 1125 1077 utrum-

64 1115 90 1154 ιο
104 1118 165 1181 que
176 1100 303 1180 tempus
319 1096 351 1159 id
369 1100 418 1161 est
431 1099 464 1159 et
473 1116 624 1179 praesens
635 1099 668 1160 et
678 1095 886 1178 praeteritum
897 1095 1124 1179 inperfectum,

103 1181 272 1264 pertineat.
309 1181 387 1243 item
416 1201 490 1244 oum
512 1178 647 1243 dicimus
669 1181 795 1246 atinam
815 1200 975 1263 roqassem
996 1180 1038 1244 ad
1061 1181 1124 1246 duo

100 1265 303 1329 excurrentia
324 1267 472 1348 tempora
494 1264 702 1348 coniugatus:
725 1264 812 1348 quod
833 1269 866 1328 et
888 1285 950 1348 ego
969 1265 1007 1329 in
1022 1266 1123 1350 epito-

100 1370 223 1412 marum
246 1371 266 1414 o
291 1369 343 1413 ere
358 1349 405 1413 ita
421 1369 489 1413 esse
504 1348 707 1413 sentiendum
722 1348 887 1413 scribsisse
902 1370 954 1413 me
970 1349 1122 1415 arbitror.

101 1436 241 1498 ceterum
264 1371 303 1498 de
325 1434 565 1499 coniunctatiuo
588 1433 699 1515 modo,
723 1433 799 1516 quia
820 1433 908 1497 nulla
926 1434 1123 1519 ambiguitas

64 1533 89 1574 1⁶
102 1521 164 1594 est,
192 1517 275 1582 nihil
302 1518 505 1583 tractandum
533 1521 619 1602 puto.
657 1518 895 1602 propterquod
917 1519 1017 1583 etiam
1039 1520 1124 1584 indi-

101 1603 241 1667 catiuum
274 1603 405 1670 modum
433 1604 468 1667 in
497 1602 633 1668 eundem
659 1602 871 1686 praedictum,
904 1603 939 1666 id
968 1608 1020 1668 est
1048 1624 1124 1669 con-

101 1688 335 1772 iunctatiuum,
358 1688 568 1772 redigendum
584 1708 620 1753 ac
634 1685 852 1770 recipiendum
867 1688 1019 1751 nonnulli
1034 1692 1122 1753 nete·

102 1794 173 1836 rum
188 1776 355 1857 putarunt3
372 1774 488 1857 quibus
503 1793 563 1836 nec
578 1791 637 1856 ego
652 1792 808 1835 rennuere
824 1791 965 1854 possum.
995 1773 1124 1856 quoties

103 1878 180 1941 ergo
213 1858 405 1922 indicatiuus
438 1857 552 1922 modus
585 1855 761 1920 sententiae
793 1857 891 1938 caput
925 1876 994 1920 non
1033 1856 1123 1941 facit,

64 1956 89 1996 20
103 1941 281 2025 simplicem
303 1943 565 2008 coniunctionem
586 1940 684 2005 faciat
700 1960 830 2004 necesse
846 1942 904 2004 est
942 1941 1125 2024 simplicem

102 2029 210 2090 autem
225 2026 297 2090 ideo
313 2027 463 2105 dicimus,
487 2027 645 2109 quianon
659 2029 726 2089 tam
742 2023 863 2101 doctis,
887 2044 987 2107 quam
1002 2026 1125 2110 simpli-

103 2111 192 2174 cibus
221 2131 258 2173 ac
289 2110 458 2193 prosaticis
488 2109 653 2173 exordium
686 2107 824 2192 sumpsit
851 2107 933 2174 haec
961 2109 1125 2174 scribendi

102 2193 311 2257 consuetudo.
349 2197 490 2258 ceterum
516 2193 601 2275 apud
623 2194 743 2275 peritos
765 2213 908 2277 quosque
931 2192 1125 2259 Latinorum

103 2297 198 2340 omne
217 2277 362 2346 ,uerbum
389 2277 474 2360 quod
496 2296 564 2339 non
586 2277 626 2339 ad
650 2275 791 2341 dicturae
814 2281 911 2360 caput
933 2279 1121 2361 pertineret,

64 2374 90 2414 2⁵
105 2361 310 2425 coniunctius
333 2382 459 2443 semper
480 2359 576 2423 modo
599 2360 789 2443 ponebatur.

188 2444 284 2509 Nunc
312 2445 351 2509 de
379 2444 632 2529 subfiguratione
660 2445 836 2509 breuiarius
864 2445 997 2528 quidam
1021 2469 1124 2512 sermo

104 2529 255 2593 dicendus
277 2532 335 2593 est.
368 2530 507 2613 primum
530 2550 606 2614 ergo
629 2529 854 2612 requirendum
869 2533 919 2594 est
933 2552 1034 2614 quare
1049 2553 1124 2597 con·

104 2613 220 2696 positio
242 2614 341 2678 uerbo
365 2612 511 2678 accidat?
534 2614 576 2678 cb
597 2616 663 2678 tres
685 2617 721 2678 ut
736 2615 853 2697 opinor
866 2635 996 2696 causas,
1021 2618 1144 2698 prima,

104 2700 153 2762 est
183 2719 317 2780 quarum
346 2703 478 2781 propter
510 2719 661 2762 sensuum
694 2699 908 2781 expletionem
937 2701 990 2764 uel
1021 2702 1124 2765 inmo-

66 2782 276 2847 rotationem:
299 2784 438 2847 secunda
459 2785 592 2866 propter
612 2782 707 2847 metri
722 2783 1004 2866 compositionem:
1028 2785 1124 2850 tertia

105 2871 153 2932 est
175 2871 306 2952 propter
328 2867 474 2950 loquelae
489 2867 590 2950 ipsius
605 2867 750 2932 decorem
766 2867 1026 2951 conponendam.
1062 2869 1122 2953 pri

106 2975 189 3016 mam
212 2974 340 3017 oausam
362 2952 500 3016 diximus
523 2973 607 3034 esse,
631 2973 694 3036 qua
715 2973 773 3037 per
795 2954 914 3036 figuras
937 2955 1123 3038 conpositas

176 3178 188 3224 1
207 3172 322 3225 famosit
339 3172 372 3226 N
391 3173 428 3239 14
446 3171 478 3224 ut
494 3170 524 3224 N
542 3185 610 3225 corr.
629 3171 693 3225 Mai
709 3173 720 3240 11
738 3188 835 3226 corum
853 3171 887 3226 N
899 3172 937 3240 115
955 3171 1077 3224 mundus
1095 3170 1126 3226 N

105 3253 173 3293 corr.
192 3239 256 3292 Mai
273 3240 282 3306 11
300 3245 315 3292 6
333 3240 385 3293 dec
396 3239 484 3292 inatio
501 3238 535 3293 N
550 3253 618 3293 corr.
637 3239 702 3293 Mei
718 3241 774 3309 1112
793 3240 1009 3310 ephetomarum
1026 3238 1061 3294 N
1069 3240 1079 3307 l
1095 3245 1125 3293 13

107 3317 250 3392 eserie
274 3339 308 3393 N
320 3341 329 3407 ιι
348 3345 387 3421 15,
400 3340 572 3417 tractantes
597 3338 632 3392 N
645 3341 655 3408 ιι
672 3341 799 3459 propper]
818 3341 853 3408 ss
868 3340 901 3393 N
914 3341 924 3407 ιι
943 3345 973 3394 1⁹
996 3341 1077 3406 ergo]
1097 3341 1127 3394 et

107 3406 217 3485 egouN
232 3422 302 3465 corr,
322 3407 386 3460 Mae
403 3407 413 3475 l
430 3407 570 3461 sententia
592 3406 627 3460 N
639 3422 708 3462 corr.
760 3423 790 3460 cr
808 3408 867 3484 nte
889 3422 1002 3485 sensum
1019 3406 1055 3460 N
1094 3413 1127 3462 30

106 3474 209 3525 tert1ae
231 3473 265 3527 N
273 3476 283 3542 11
296 3481 326 3528 31
347 3474 477 3528 docerem
495 3474 537 3541 N,
557 3474 748 3528 characterem
766 3472 829 3524 Mac
842 3473 851 3538 l
864 3477 897 3525 32
915 3475 1034 3527 cat1sam
1084 3521 1090 3534 ,
