2422 3976
120 187 158 241 VI
505 184 722 240 PRAEFATIO.

118 389 152 439 a,
180 390 200 430 c
222 373 253 430 et
275 391 296 430 a
321 371 503 448 permutatio
529 371 560 430 in
583 371 742 430 verborum
770 370 893 448 syllabis
916 370 1077 446 primitivis
1102 373 1133 431 et

118 460 233 519 ultimis
258 461 409 520 sollemnis
437 464 496 533 est,
524 459 602 519 unde
626 478 704 535 quae
725 460 808 519 nasci
830 459 963 535 potuerit
987 463 1018 518 et
1041 478 1131 535 saepe

118 551 191 607 nata
214 548 254 607 sit
272 549 406 609 confusio
425 549 513 608 facile
531 548 701 625 intellegas.
746 548 870 608 bmodo
890 547 1020 621 additur,
1041 550 1130 607 modo

119 637 279 698 omittitur.
312 640 524 714 permutantur
542 637 634 696 etiam
653 639 848 698 consonantes
867 656 888 695 a
906 640 937 696 et
956 639 984 704 b,
1002 638 1022 709 f
1035 640 1066 695 et
1079 638 1133 710 pb,

118 727 186 798 fet
203 744 279 799 pap
303 729 334 786 et
356 730 382 794 b,
406 728 426 786 d
448 728 478 785 et
501 731 521 794 t,
545 727 556 785 l
579 728 609 786 et
631 745 657 794 r,
680 744 698 784 r
721 728 752 785 et
774 745 798 794 s,
820 744 838 784 r
857 729 888 784 et
906 743 926 784 a
944 725 1030 802 aliae,
1055 744 1132 802 quae

117 813 375 889 permutationum
388 833 508 891 genera,
527 814 648 874 eumad
663 814 940 889 pronuntiationem
958 814 1040 873 illius
1056 817 1130 873 tem-

117 903 199 978 poris
221 904 379 980 vulgarem
401 904 638 979 cognoscendam
660 903 790 962 multum
812 903 947 976 valeant,
976 921 1011 962 ex
1040 903 1132 962 adno-

117 992 232 1051 tatione
255 992 360 1052 critica
386 1010 446 1051 non
473 992 593 1052 seclusi.
638 992 744 1067 Neque
770 993 869 1050 minus
898 991 936 1050 ad
964 1010 1133 1051 sermonem

117 1081 275 1156 vulgarem
298 1081 416 1156 attinet,
440 1081 519 1155 quod
542 1098 581 1148 m,
599 1098 623 1147 s,
642 1085 654 1139 t
675 1081 796 1139 litterae
814 1080 919 1140 finales
938 1081 971 1138 in
988 1080 1047 1139 fine
1065 1099 1132 1139 ver-

116 1168 225 1227 borum
247 1170 335 1229 modo
359 1169 511 1227 adduntur
529 1167 687 1244 superflue,
706 1169 794 1229 modo
813 1168 1002 1228 omittuntur.
1036 1167 1133 1244 Scrip-

117 1259 206 1316 turae
240 1257 405 1333 conpendia
432 1275 497 1315 cum
524 1257 666 1317 librarius
694 1276 754 1316 non
780 1257 981 1317 intellexisset
1009 1259 1065 1331 14,
1091 1259 1133 1315 24

118 1350 176 1404 tent
201 1363 256 1420 pro
284 1350 377 1405 teneat
405 1347 456 1420 32,
481 1348 498 1405 9
525 1363 596 1419 cccc
622 1364 677 1422 pro
702 1363 806 1420 perime
834 1347 891 1422 28,
917 1351 934 1405 7
964 1351 1050 1419 scptu
1078 1365 1133 1421 pro

116 1439 235 1506 sumpta
253 1434 312 1494 alia
330 1435 361 1492 id
374 1452 470 1510 genus
486 1433 614 1510 scripsit,
627 1435 789 1495 verborum
799 1433 1004 1494 distinctiones
1015 1437 1136 1509 pertur-

116 1522 202 1581 bavit
220 1524 293 1581 lccis
312 1522 471 1598 permultis
489 1525 525 1581 ut
540 1525 644 1599 43,12
662 1524 934 1600 ccretcuet18,13
950 1524 1023 1583 muli
1038 1524 1135 1582 lactor

116 1628 202 1670 acres
220 1611 289 1685 dccii
310 1628 502 1671 accaronem
520 1614 599 1670 cessi.
632 1610 762 1687 denique
780 1611 878 1687 spatia
900 1611 980 1671 inter
999 1612 1134 1687 syllabas

116 1698 203 1759 verbi
222 1699 356 1759 eiusdem
375 1700 504 1759 exstant'
544 1691 595 1779 (cf.
614 1702 681 1773 supi
699 1702 778 1759 critic
796 1701 848 1773 23,
870 1701 888 1759 3
907 1701 976 1759 inde
994 1701 1136 1759 dicionem

117 1790 170 1864 27,
185 1780 243 1868 22)
263 1788 333 1848 inde
357 1789 505 1864 explicare
524 1788 602 1862 licet,
627 1788 707 1863 quod
724 1787 867 1846 librarius
885 1790 992 1863 utpote
1011 1789 1134 1865 linguae

117 1876 229 1936 latinae
247 1895 308 1936 non
327 1878 400 1937 satis
419 1894 532 1954 gnarus
551 1875 588 1934 de
606 1876 795 1936 conectendis
814 1876 1057 1952 disiungendisve
1076 1879 1136 1954 syl-

117 1965 195 2025 labis
217 1965 250 2024 in
272 1965 435 2041 exemplari
457 1965 516 2023 fine
539 1983 680 2024 versuum
704 1965 855 2024 distractis
879 1965 985 2025 anxius
1009 1967 1084 2024 erat.

82 2061 109 2116 N
208 2052 308 2113 Codex
331 2053 604 2129 Neapolitanus
635 2072 679 2112 nr.
703 2052 747 2111 IV
769 2054 795 2111 A
820 2055 862 2113 34
884 2055 1134 2114 membranaceus

117 2142 149 2200 in
172 2133 207 2201 4⁰
229 2142 370 2202 foliorum
396 2143 469 2217 289,
493 2159 619 2218 quorum
643 2159 713 2216 pars
737 2143 819 2217 prior
845 2134 879 2220 (f.
905 2134 1028 2223 1—91)
1053 2160 1076 2203 s.
1091 2143 1136 2201 IX

119 2222 168 2311 (ut
186 2231 373 2290 Bethmanno
397 2230 495 2289 obiter
517 2228 690 2304 inspicienti
706 2230 805 2290 visum
829 2221 889 2310 est)
912 2230 962 2289 vel
980 2230 1007 2287 X
1031 2224 1080 2306 (ut
1095 2231 1131 2291 G.

117 2318 285 2394 Mcynckio
301 2319 348 2378 cui
363 2319 571 2398 apographum
585 2310 701 2398 debeo),
717 2318 866 2393 posterior
875 2335 947 2378 vero
961 2336 1031 2394 pars
1043 2321 1135 2394 paulo

118 2411 189 2483 post
208 2408 325 2484 scripta·
339 2409 393 2466 est.
422 2406 503 2466 Satis
517 2410 687 2466 accuratam
702 2406 810 2465 codicis
824 2406 1055 2481 descriptionem
1070 2406 1135 2468 Cat.

118 2496 263 2556 Ianellius
286 2496 318 2554 in
337 2496 475 2570 catalogo
494 2495 567 2554 bibl.
585 2496 715 2554 latret.
736 2497 767 2554 et
785 2495 871 2555 class.
890 2513 1039 2556 manuscr.
1058 2515 1135 2571 quae

118 2584 151 2643 in
173 2585 258 2661 regio
281 2584 481 2659 Neapolitano
509 2602 613 2642 musco
636 2582 804 2643 Borbonico
833 2585 1005 2643 asservatur
1032 2605 1061 2660 p.
1092 2588 1133 2645 26

119 2673 255 2732 confecit.
274 2672 374 2746 Atque
398 2690 468 2746 pars
492 2672 575 2748 prior
597 2672 651 2730 illa
674 2670 919 2748 quaternionibus
942 2672 1047 2730 I—XI
1066 2691 1133 2733 con-

119 2762 247 2837 tinctor,
270 2779 338 2819 cum
355 2760 429 2819 haec
447 2761 595 2819 recentior
618 2761 703 2820 novis
726 2760 859 2820 numeris
882 2760 994 2820 litteris
1019 2762 1136 2822 scilicet

119 2848 210 2908 A-I
241 2849 354 2924 pagina
385 2851 468 2909 recta
500 2843 534 2927 (f.
565 2840 734 2929 92-167)
767 2849 874 2908 ceteris
907 2851 1020 2925 pagina
1045 2869 1136 2911 versa

121 2929 155 3019 (f.
173 2928 363 3019 168-289)
383 2937 502 3013 scriptis
521 2937 667 3013 insignita
685 2938 733 2996 sit.
770 2937 948 2998 Haevariae
966 2939 1135 3015 scripturae

119 3023 222 3103 partes
236 3025 328 3085 variis
346 3026 482 3085 manibus
501 3028 573 3085 sunt
589 3026 784 3102 perscriptae.
825 3026 916 3086 Liber
935 3026 1008 3086 olim
1022 3028 1135 3088 Romae

120 3115 154 3174 in
175 3115 359 3175 bibliotheca
381 3117 427 3175 dei
443 3116 576 3189 principi
598 3115 730 3174 Farnesc
753 3117 926 3175 asservatus
950 3118 1009 3191 est3
1033 3134 1056 3175 s.
1075 3117 1136 3175 XII

121 3203 225 3263 fratris
248 3203 404 3263 cuiusdam
422 3203 559 3280 Wigradi
583 3203 677 3262 fuisse
699 3203 828 3276 videtur,
852 3205 937 3263 cuius
960 3205 1135 3264 memoriale

122 3311 158 3352 ex
184 3291 258 3351 folio
285 3292 392 3350 ultimo
423 3286 529 3375 (289¹)
554 3291 586 3349 in
613 3292 864 3352 commentatione
893 3311 984 3368 supra
1010 3294 1136 3354 laudata

122 3401 151 3457 p.
169 3382 208 3439 16
225 3379 312 3439 edidi.
349 3380 440 3440 Liber
459 3381 497 3439 ab
515 3379 602 3439 initio
617 3381 789 3457 mutilatus3
808 3381 914 3457 incipit
928 3381 1008 3441 enim
1021 3384 1136 3442 verbis:

121 3473 218 3545 qucum
240 3487 303 3529 rem
326 3472 470 3544 reprimat
492 3473 519 3529 et
540 3487 560 3530 a
578 3472 677 3530 ceteris
695 3472 781 3530 rebus
799 3473 931 3545 erinacei
950 3495 991 3517 =
1011 3470 1137 3548 Pompei
