2354 3946
154 171 198 236 46
462 172 508 228 Ν.
536 171 624 227 VITA
643 170 671 231 S.
689 168 859 228 nonnus.

154 335 314 400 Praefecti
338 334 506 400 subolem?
551 333 663 400 Plebis
686 354 861 400 concursus
885 334 931 400 ad
955 340 1089 405 antrum

82 438 135 488 240
154 423 208 489 Fit
231 424 339 488 subito
363 423 507 488 dictante
530 423 645 488 modos
669 423 711 487 ad
733 423 833 488 verba
855 422 972 489 furore

153 512 307 578 Indoctus
331 533 479 577 sermone
503 533 633 599 magam
657 512 838 598 vulgusque
861 517 1042 579 nocentem

154 599 417 687 sacrilegamque
441 604 538 666 vocat
559 600 672 685 plebes
695 601 813 686 ignara
835 600 968 667 salutis.

154 689 224 765 Quo
248 689 380 754 fremitu
403 690 551 771 pulsatus
576 689 645 753 adit
667 688 846 754 comitante
868 690 1023 757 tumultu

153 778 202 843 Ac
226 779 316 843 luctu
340 778 467 863 genitor
490 779 640 861 lustrum,
662 799 728 862 quo
751 798 868 861 corpus
891 777 992 844 inane

81 881 134 931 245
153 867 324 931 Deiectum
347 867 505 931 haerebat
527 866 627 931 humo
651 866 717 930 iam
741 865 851 931 debita
875 866 1013 933 solvens

151 954 268 1019 Mortis
291 954 450 1038 inaccepti
469 954 594 1019 subolis
616 977 677 1039 pro
700 975 834 1019 munere
856 955 945 1039 voti,

152 1043 388 1126 Ingressusque
411 1043 520 1107 locum
543 1043 660 1107 mortis
683 1043 822 1107 mortale
845 1041 1066 1128 frequentans

152 1133 200 1195 Ac
223 1130 386 1194 reticenda
411 1151 529 1195 sonans
553 1132 686 1196 domino
710 1130 882 1197 mordebat
905 1133 1064 1200 amicam:

152 1218 326 1284 ‘Natarum
349 1219 468 1302 pistrix
490 1218 660 1284 hominum
684 1219 889 1303 saevissima,
911 1225 1069 1289 nostrum

80 1307 191 1371 250111
213 1313 327 1372 natum
352 1309 507 1393 magicae,
530 1308 613 1372 nulli
636 1307 767 1373 feritate
791 1308 947 1391 secunda,

151 1396 245 1461 Artis
269 1397 433 1481 apodixim
457 1397 568 1481 potius
592 1400 773 1461 monstrare
796 1396 961 1481 putasti?

151 1485 342 1550 Multotiens
365 1486 501 1570 indigna
523 1485 624 1549 refert
647 1485 725 1550 dum
747 1485 847 1550 verba
868 1485 979 1551 relatu

152 1574 327 1651 Quaereret
350 1597 387 1640 ac
410 1575 527 1639 mortis
551 1596 664 1638 causas
687 1574 895 1639 vehementer
919 1574 962 1639 ab
987 1576 1069 1664 illa,

150 1663 241 1728 Haec
265 1665 312 1728 ita
335 1662 422 1729 dicta
444 1663 545 1727 refert
568 1683 653 1747 agno
677 1663 839 1747 desponsa
863 1661 997 1728 salutis:

79 1766 131 1816 255
150 1752 213 1818 ‘Ex
235 1756 313 1818 voto
338 1751 489 1835 studuit,'
513 1751 631 1833 dicens,
654 1749 694 1814 ‘si
717 1772 813 1835 posse
837 1751 981 1836 daretur,

150 1840 249 1906 Cuius
272 1841 354 1906 inire
377 1842 470 1906 nefas
493 1841 649 1906 miserum
671 1839 833 1924 patrando
858 1841 1030 1927 superbus,

148 1929 242 1995 Illius
266 1934 397 2014 accepto
422 1930 549 1995 meritis
572 1950 657 1994 nunc
679 1950 776 2012 posse
800 1928 954 1993 subactus

148 2018 269 2082 Horret
292 2019 383 2083 humi
407 2041 517 2084 cassus
540 2017 673 2102 proprio
697 2017 762 2081 iam
786 2018 933 2081 membra
956 2020 1079 2089 calore.

148 2106 293 2191 Ingressi
316 2106 446 2172 domino
471 2106 571 2169 simili
596 2106 634 2170 de
658 2127 748 2170 more
771 2105 915 2169 furentes

78 2208 129 2258 aco
147 2194 331 2258 Incolumes
355 2194 495 2259 cedendo
518 2194 606 2256 foras
630 2194 752 2258 rediere
776 2194 913 2277 sodales,

148 2278 211 2355 Qui
235 2282 315 2345 mihi
338 2280 499 2345 delectum
523 2281 604 2344 sorti
627 2281 785 2347 tradendo
809 2282 995 2347 ministrum

147 2368 258 2433 Induit
282 2369 445 2452 expletum
469 2367 627 2432 miserans
651 2370 799 2435 candoris
823 2371 978 2436 amictum

147 2456 177 2519 A
202 2457 357 2542 cunisque
381 2456 440 2521 deo
464 2478 581 2542 corpus
604 2456 744 2524 iuvenile
767 2460 908 2524 dicatum

148 2542 265 2610 Servat
288 2547 329 2610 ab
352 2545 515 2611 illecebris
539 2569 616 2612 sexu
641 2546 783 2612 distante
806 2548 903 2614 virili.

75 2648 128 2699 aas
147 2633 193 2699 Ut
216 2633 280 2698 fuit
302 2633 478 2719 ingressus
501 2637 609 2721 coepit
632 2637 757 2701 saevire
780 2638 944 2723 petulcus,

147 2722 308 2807 Oppetiit‚
331 2723 408 2789 dum
430 2723 526 2789 foeda
548 2725 645 2808 petit,
669 2724 745 2789 dum
769 2725 879 2790 cedere
902 2725 967 2790 luci

146 2810 304 2877 Distulit?
341 2812 451 2895 Aeger
474 2813 618 2879 adhaec
641 2814 770 2898 genitor
793 2814 958 2879 subdendo
978 2821 1163 2901 respondit:

146 2898 193 2965 ‘Si
216 2900 361 2985 magicae
384 2922 450 2965 non
474 2900 554 2965 artis
578 2924 649 2966 eam
672 2924 826 2966 mucrone
850 2904 980 2986 secasti,

145 2991 293 3076 Angelus
316 2988 525 3072 incolumem,
549 2989 653 3055 virtus
676 2989 835 3076 caelestis,
859 2992 994 3056 eandem

75 3093 127 3142 270
147 3077 192 3141 Te
216 3077 298 3142 mihi
320 3079 475 3142 restituet
498 3077 645 3141 subolem
669 3081 823 3160 poscente
847 3079 990 3145 dolenti?
1017 3115 1034 3127 -κ

147 3161 249 3252 Virgo
274 3168 334 3231 sub
357 3167 438 3230 haec
460 3164 577 3229 fulcita
598 3165 698 3230 refert
721 3168 842 3232 virtute
865 3169 1007 3252 parenti:

147 3253 278 3320 ‘Vestra
300 3255 376 3320 licet
397 3252 485 3318 haud
508 3253 608 3338 digna
630 3253 709 3318 fides
733 3260 904 3338 mereatur,
929 3257 1059 3321 obaudi:

145 3342 192 3408 Ut
215 3347 326 3409 tamen
350 3341 521 3408 altithroni
544 3341 648 3407 virtus
671 3342 836 3426 patefacta
858 3346 1010 3430 nitescat,

217 3541 269 3590 250
285 3535 446 3594 ‘Ismarum'
499 3540 549 3600 251
567 3535 597 3590 ‘a
611 3535 703 3604 podex
721 3534 862 3602 impotius'
914 3540 968 3590 264
983 3534 1157 3596 ‘inlecebris’
