2354 3946
441 210 489 266 111.
516 211 565 266 nn
584 210 715 270 urano.
1024 215 1085 280 133

57 364 140 430 haec
163 364 205 428 de
228 385 293 449 qua
313 366 488 429 tractamus
512 364 672 447 latinitas,
696 386 762 429 una
780 365 909 449 quidem
924 366 1036 451 lingua
1051 368 1084 431 in

58 448 266 534 proprietate
289 469 345 513 sua
362 449 527 532 consistit,
550 449 668 513 multas
684 453 793 514 tamen
807 451 904 513 immo
918 472 1002 534 pene
1016 455 1086 515 tam

58 533 317 599 innumerabiles
340 535 515 598 sententias
538 537 570 598 et
593 535 755 599 orationes
770 534 881 618 habet,
905 536 1019 619 quibus
1040 535 1085 599 di·

58 640 156 685 uerso
188 618 320 704 quidem
349 618 505 683 sermonis
527 619 673 701 tramite,
705 620 800 683 unius
823 623 930 684 tamen
953 620 1084 705 linguae

58 706 184 770 ueritas
205 703 410 787 adprobatur.
1111 724 1124 764 5

146 787 239 853 Haec
266 791 375 852 autem
402 787 474 851 ideo
502 786 654 871 diximus,
707 787 759 851 uia
787 809 859 851 cum
882 810 993 852 omnes
1016 811 1085 854 ora-

58 871 161 938 tionis
194 875 305 956 partes
341 871 516 936 nonnullas
548 873 634 954 apud
668 809 838 955 pierosque
872 873 1086 938 dissonantias

59 958 224 1041 babeant,
247 956 347 1021 multo
363 960 473 1020 tamen
488 956 643 1021 maiorem
658 958 694 1020 in
709 957 807 1021 uerbo
823 956 1086 1023 difficillimarum

61 1043 290 1127 quaestionum
320 1040 435 1105 siluam
465 1062 503 1105 ao
531 1040 802 1105 dissonantiarum
836 1043 929 1106 deuia
962 1043 1086 1108 inueni·

61 1130 171 1192 untur.
205 1125 292 1206 unde
316 1128 349 1190 et
369 1125 470 1189 multa
493 1147 589 1210 super
603 1126 692 1190 uerbi
708 1126 932 1208 explanatione
948 1129 1085 1192 concilia
1100 1150 1124 1191 10

61 1209 335 1361 :libitui
364 1209 1085 1362 lili2i³3i⁰⁰llilllitittlli

61 1381 256 1459 rentium,
289 1317 544 1464 Gaibungum
578 1343 705 1464 quicque
740 1384 772 1444 et
807 1379 1019 1465 Glengum,
1055 1386 1087 1446 et

62 1462 1084 1550 dnosGregorios,Regulum‚etlteginumCornilium,

64 1552 170 1614 uirum
193 1553 272 1615 satis
294 1549 515 1633 eloquentem,
538 1568 671 1633 graecae
700 1552 732 1612 et
761 1549 928 1614 hebreicae
955 1550 1084 1636 linguae
1100 1574 1123 1615 15

63 1633 341 1719 promptissimum
373 1633 596 1717 interpretem,
631 1633 719 1698 cuius
747 1634 781 1697 in
810 1632 911 1698 latino
939 1656 1086 1698 sermone

63 1718 174 1804 fulgor
202 1717 328 1803 ingenii
356 1720 466 1782 tantus
494 1722 575 1796 erat,
606 1722 644 1781 ut
678 1718 761 1781 nihil
791 1719 962 1782 obscurum
990 1719 1083 1782 relin-

64 1824 161 1951 quere
186 1802 346 1867 uideatur.
385 1803 441 1885 qui
467 1823 518 1866 me
541 1823 666 1886 quoque
695 1807 727 1866 et
750 1803 828 1866 duos
850 1801 934 1865 filios
956 1801 1084 1885 Iuliani,

98 1892 264 1953 onatnm
297 1887 545 1972 grammaticum
574 1892 606 1951 et
632 1885 781 1951 Donem
808 1887 897 1968 prius
924 1887 1085 1951 rethorem

65 1972 158 2038 simul
186 1976 220 2037 et
240 1971 502 2057 grammaticum,
530 1973 644 2069 postea
665 1971 791 2035 fidelem
814 1971 909 2035 modo
931 1972 1123 2055 presbitero

66 2077 152 2137 rum,
174 2056 217 2122 ad
239 2078 274 2121 se
289 2055 457 2120 uenientes
475 2058 612 2141 benigne
628 2077 665 2120 ao
681 2055 892 2120 libentissime
908 2057 1086 2140 suscipiens

69 2140 175 2207 docuit
195 2141 295 2224 pleno
318 2139 511 2205 rethoricam
533 2161 643 2205 mense
666 2144 768 2205 artem
791 2141 905 2204 etalio
927 2143 1086 2224 poeticam

70 2230 100 2290 et
124 2227 166 2292 de
192 2224 326 2309 reliquis
354 2225 611 2309 grammaticam,
641 2229 673 2289 et
700 2225 747 2289 ita
771 2246 856 2289 anno
878 2226 913 2289 in
936 2227 1086 2291 conuicio

70 2308 164 2394 ipsius
192 2309 312 2375 scolari
341 2310 404 2374 diei
425 2311 593 2393 noctisque
621 2331 681 2373 usu
709 2313 872 2375 transacto
903 2312 994 2395 quasi
1023 2313 1085 2377 cul-

69 2415 137 2461 men
162 2393 343 2479 quoddam,
371 2396 460 2458 omni
487 2394 693 2478 discipulatui
720 2398 831 2459 nostro
860 2416 923 2479 quo
951 2396 991 2459 ad
1020 2418 1085 2460 ma·
1099 2423 1124 2464 as

71 2478 233 2564 gistermn
255 2500 416 2543 summum
437 2480 693 2562 perueniremus,
717 2480 867 2564 exiguam
884 2480 960 2545 licet
975 2484 1087 2545 nostra

71 2584 121 2647 pro
148 2563 374 2630 mediocritate
404 2564 569 2650 attigimus
596 2566 729 2647 partem.
767 2585 861 2648 quem
891 2585 964 2629 cum
990 2588 1086 2649 super

71 2649 152 2715 uerbi
173 2652 261 2714 statu
284 2648 572 2733 interrogaremus,
595 2651 703 2711 utrum
718 2670 783 2713 uno
800 2649 975 2734 eodemque
990 2653 1084 2715 modo

71 2732 144 2799 idem
159 2736 267 2800 status
283 2733 407 2798 seruari
421 2734 540 2817 possit,
564 2732 627 2797 hoc
646 2733 740 2797 nobis
755 2755 946 2817 responsum
961 2757 1084 2799 summa

72 2836 133 2884 cum
160 2818 364 2884 exultatione
387 2817 488 2898 dedit,
517 2818 593 2902 quia
616 2817 750 2881 uerbum
773 2819 878 2882 simile
900 2840 968 2883 esse
991 2819 1084 2883 debet
1097 2842 1122 2882 so

72 2904 145 2990 regi,
161 2903 255 2970 cuius
271 2902 372 2967 animi
387 2906 491 2967 status
506 2901 600 2966 multi
616 2905 648 2966 et
666 2900 784 2966 diuersi
800 2906 891 2967 sunt:
914 2923 980 2966 non
998 2902 1085 2966 enim

72 2984 97 3051 in
120 2989 236 3054 sedatu
265 2991 299 3052 et
326 2986 412 3051 bello
440 3008 505 3052 uno
532 2985 625 3051 modo
648 2990 763 3071 regnat
784 3007 887 3069 neque
909 2988 944 3049 in
966 2985 1084 3070 gaudio

73 3074 273 3155 ettristitia,
307 3071 480 3155 aliquoties
511 3072 596 3136 enim
625 3071 765 3156 rigidum
796 3091 880 3149 esse,
914 3069 1083 3153 aliquoties

74 3242 265 3257 Q———r

124 3350 253 3415 apenos
271 3341 307 3396 N
320 3342 365 3410 li
387 3341 510 3395 sermoni
526 3341 560 3395 N
573 3343 583 3411 ΙΙ
601 3347 616 3395 7
635 3337 818 3394 dissonantias
841 3339 875 3392 N
889 3339 899 3406 n
918 3344 949 3392 13
973 3337 1083 3406 galbul-

74 3456 169 3513 queque
186 3444 224 3500 N
268 3449 298 3497 14
322 3442 475 3520 Gregorius
492 3443 526 3496 N
539 3444 549 3512 ΙΙ
570 3447 600 3497 19
620 3412 651 3508 de
671 3441 773 3520 donem
787 3441 821 3494 N
829 3442 840 3509 11
852 3444 884 3518 it
903 3439 1005 3510 exigua
1022 3438 1079 3510 ΝΗ

72 3512 194 3568 aunum
261 3513 323 3582 531
342 3527 412 3566 annr
428 3509 462 3565 N
476 3526 546 3566 corr.
563 3510 627 3564 Μαι
645 3511 699 3579 η33
718 3509 842 3578 rigrdum
862 3510 892 3577 (ι1
911 3524 944 3563 ea
964 3509 989 3574 e)
1007 3506 1041 3560 N
