2354 3946
400 186 435 245 v.
463 186 511 242 oa
529 184 743 243 rrarrcrrro.
1019 190 1081 256 165

137 338 264 406 Uerum
294 340 323 405 si
351 340 422 425 quis
443 338 537 405 nobis
560 338 740 404 dicentibus
761 341 967 425 participium
989 342 1081 408 uerbi

61 426 151 491 actiui
178 425 340 510 temporis
366 423 532 509 praeteriti
558 424 677 488 habere
700 425 938 508 conparaticnis
960 429 1079 510 gradus

61 510 183 576 obicere
204 509 364 589 uoluerit,
387 530 425 575 ac
447 509 552 575 dicere
573 509 657 593 quod
674 510 800 593 quoties
816 511 895 574 haec
909 512 1081 595 participia

61 599 237 681 conparata
250 595 388 677 fuerint,
409 615 492 678 quae
511 593 599 658 infra
612 615 722 658 sumus
737 595 889 678 poscituri
904 600 941 659 ut
954 599 1081 679 sopiens

61 700 190 763 muare,
215 679 293 764 quia
314 679 393 743 haec
408 681 469 744 rite
485 682 718 763 conparantur,
742 682 873 743 nomina
888 680 994 763 potius
1009 703 1080 765 par·
1106 702 1119 743 c

59 766 245 851 ticipiorum
267 764 387 828 similia
409 762 549 828 debeant
570 763 748 848 aestimari,
770 785 836 828 non
860 766 939 828 mihi
954 767 1082 830 uidetur

59 850 240 937 arguendus
272 853 329 914 aut
357 849 454 913 etiam
482 848 721 932 improbandus.
772 870 833 912 nos
861 870 984 934 quoque
1012 852 1081 934 ipse

58 956 121 1001 non
143 933 314 1019 inprobet,
337 934 393 1018 qui
415 933 501 1017 quod
524 955 544 997 a
564 933 677 1016 peritis
698 935 818 997 nostris
833 935 1011 1018 didicimus,
1033 937 1081 1000 in-

59 1024 184 1085 stanter
205 1018 419 1083 deffendimus
444 1021 540 1102 atque
562 1018 743 1081 asserimus.
787 1018 980 1102 astipuletur
1001 1020 1082 1084 mihi

60 1106 91 1169 in
118 1104 186 1169 hoc
213 1102 399 1168 Maeuius
427 1102 478 1166 uir
505 1102 539 1165 in
569 1102 765 1166 carminibus
794 1103 1013 1185 dulcissimus,
1044 1106 1082 1170 de
1095 1126 1120 1166 ro

61 1210 120 1273 quc
143 1187 226 1253 illud
250 1192 459 1271 praecentum
482 1189 546 1251 est:
569 1185 761 1269 quiscerem
782 1189 968 1254 melitenen
983 1196 1081 1272 amat,

61 1274 122 1341 odit
142 1278 204 1339 tuo
224 1274 388 1351 oorrrrino,
410 1270 536 1337 Maeui.
573 1272 628 1336 hic
642 1271 937 1354 eloquentissimum
954 1295 1082 1339 carmen

61 1360 92 1423 in
113 1363 191 1424 octo
213 1360 322 1442 partes
345 1357 500 1421 orationis
523 1355 637 1439 edidit,
660 1357 695 1419 in
716 1377 779 1439 quo
802 1356 882 1422 haec
897 1359 957 1422 ait:
980 1361 1082 1441 parti-

61 1446 180 1527 eiptum
205 1442 330 1525 cerceis
357 1441 459 1506 omnis
487 1460 577 1505 omne
604 1445 668 1506 tum
695 1461 733 1504 ex
753 1442 847 1506 uerbo
870 1464 967 1520 quum
988 1446 1083 1509 etiam

61 1550 97 1594 cc
122 1528 255 1593 nominc
280 1526 536 1608 comparationes
557 1526 775 1607 rectoprndum
797 1527 898 1592 trabit
917 1529 1004 1593 iore:
1030 1529 1085 1593 scd
1096 1550 1121 1592 15

61 1611 349 1695 ceoperatorem
375 1610 480 1675 eodem
504 1614 641 1691 receptat
667 1631 760 1678 more.
798 1611 833 1673 in
860 1632 921 1694 quc
944 1613 1085 1676 ostendit

63 1718 158 1848 dd
179 1693 1082 1863 twnlutrttltllbsslltttillut¹¹‘⁰

146 1864 236 1931 Sunt
256 1864 353 1929 etiam
375 1863 562 1948 participia,
587 1884 722 1947 quorum
743 1862 842 1926 uerba
855 1885 921 1927 non
937 1869 1004 1928 tam
1019 1864 1083 1928 usi-

62 1954 129 2016 tate
152 1951 245 2029 sunt,
274 1952 307 2013 et
328 1948 400 2013 ideo
422 1952 585 2032 negantur
605 1947 676 2011 fieri
697 1947 884 2031 participia,
913 1948 969 2012 sed
991 1950 1083 2013 aesti·
1097 1974 1122 2013 ac

62 2039 194 2101 mantur
220 2035 354 2098 nomina
381 2053 451 2097 esse
477 2032 721 2117 participiorum
751 2032 869 2096 similia
893 2036 930 2096 ut
951 2037 1083 2116 tepulae,

63 2122 238 2199 unicubas,
260 2119 423 2197 murus,
447 2118 614 2198 calciatus,
634 2117 812 2200 pudicae,
835 2118 995 2197 bortatur,
1018 2139 1084 2184 scu

63 2210 155 2271 tutuo.
199 2202 287 2288 quod
320 2202 348 2267 si
380 2201 427 2266 ita
453 2206 518 2285 eet,
552 2202 726 2266 secundum
754 2201 837 2265 hanc
865 2204 1022 2267 rationem
1053 2210 1086 2270 et

63 2290 142 2355 haec
169 2288 220 2353 ita
248 2306 317 2352 esse
350 2285 492 2352 dicamus
516 2288 732 2369 procumbe,
761 2289 906 2370 uestitus,
936 2291 1085 2369 amictum

64 2394 201 2473 quomm
216 2376 329 2437 tamen
344 2370 443 2436 uerba
465 2372 554 2436 omni
574 2370 697 2456 legenti
713 2372 919 2455 paratissimo
937 2374 1084 2457 frequen·
1098 2398 1123 2438 aa

63 2458 254 2541 hsdmoque
276 2458 450 2541 suppetant
470 2476 559 2520 ussu.
593 2459 626 2520 et
648 2456 805 2539 quomodo
828 2457 907 2520 illud
930 2460 1085 2522 Aeneae

62 2541 190 2609 stabit?
218 2542 335 2606 milites
355 2540 390 2604 in
413 2541 462 2604 uit
483 2542 679 2606 trucidantur.
719 2544 751 2605 et
772 2541 903 2620 iterum,
926 2544 998 2624 quis
1018 2544 1086 2626 yla-

64 2628 209 2695 cumr
241 2627 279 2691 in
311 2562 413 2691 balbi
451 2623 645 2689 Horatius
679 2646 805 2708 quoque
837 2647 953 2710 mopno
980 2627 1087 2712 inquit

64 2714 184 2797 impeto
203 2711 289 2792 facto
310 2709 521 2775 buetauenmt
540 2728 691 2774 scemeca
705 2715 733 2774 ct
747 2711 964 2777 colciaueruut
978 2717 1007 2776 et
1020 2732 1086 2778 scu

65 2802 166 2863 tonus
193 2814 226 2861 ee
253 2796 433 2859 imueront.
470 2793 560 2857 uides
587 2814 660 2858 ecce
686 2795 845 2877 quomodo
872 2796 952 2860 haec
979 2798 1086 2860 aetina
1100 2820 1125 2859 co

64 2882 163 2947 uerba
196 2878 426 2961 inueniuntur,
460 2882 493 2943 et
523 2900 591 2943 non
624 2877 720 2943 modo
750 2881 858 2945 ectiua
888 2881 1086 2964 simpliciter,

64 2987 175 3031 uerum
205 2966 240 3029 et
266 2961 452 3048 tripliciter:
487 2962 657 3027 manifeste
686 2962 773 3028 enim
804 2965 947 3029 ostendit
975 2985 1087 3028 sensus

130 3192 147 3239 a
165 3199 201 3237 ac
224 3181 263 3236 ae
274 3181 357 3252 anu
374 3181 461 3236 ames
477 3181 558 3260 nus
575 3180 630 3253 riu
646 3180 699 3249 Nn
708 3147 968 3316 ,ffiroeannusnu
981 3185 997 3234 a
1010 3180 1088 3234 neu-

65 3250 151 3306 cimna
212 3251 271 3319 110
288 3249 380 3304 Meius
396 3249 439 3303 vel
456 3249 545 3303 Merra
563 3250 619 3317 (me
638 3263 704 3304 corr.
783 3246 972 3316 lldulcissimis
988 3247 1024 3302 N
1032 3250 1042 3317 ΙΙ
1057 3254 1089 3302 14

65 3368 114 3407 aex
130 3352 167 3407 N
173 3353 179 3423 Ι
199 3357 233 3407 22
247 3350 387 3405 metretae
398 3349 433 3404 N
441 3350 452 3418 11
465 3350 571 3428 astatus
584 3365 618 3402 ea
629 3349 738 3403 estutus
749 3348 783 3426 N
792 3349 802 3416 ΙΙ
815 3354 847 3402 23
859 3316 959 3401 lnhene
980 3347 1017 3433 N
1027 3350 1032 3417 1
1055 3354 1088 3402 24

63 3417 299 3559 {buiffetustld
311 3423 345 3472 tt
363 3419 562 3487 parautreermo
578 3417 613 3470 N
621 3419 632 3484 l
645 3421 677 3468 26
695 3417 842 3485 supprtant
853 3415 887 3470 N
896 3416 906 3483 l
919 3416 949 3469 et
962 3433 1017 3483 quo
1074 3414 1088 3485 ΙΙ
