2354 3946
110 195 153 261 54
344 190 496 247 VIRGILII
513 188 679 245 MARONIS
697 189 897 246 ΕΡΙΤΟΜΑΕ.

111 352 178 414 tam
199 347 369 412 iocundum
390 346 480 411 cotis
501 363 564 410 esse
579 348 688 427 potest,
712 364 808 426 quam
828 345 865 408 ic
886 345 943 409 tec
959 345 1127 411 110111οᾶ1-

112 432 209 515 iecere
224 451 420 515 permanere,
443 430 503 497 hoc
526 450 585 514 pro
609 429 753 494 eblatiuc
791 427 901 492 oesuit.
940 432 972 492 et
995 449 1054 513 pro
1070 450 1125 494 no·

111 516 199 580 mine
221 515 284 580 elic
306 515 391 581 idem
412 515 483 579 loce
506 514 669 598 accipiens
691 534 754 578 eun
777 533 826 576 em
848 511 982 576 modum
1010 514 1056 578 sic
1083 514 1126 578 ait

86 602 186 666 ⁶solis
206 620 330 666 currere
352 601 402 666 dic
423 602 543 668 aestiuo
564 599 822 664 iocundcteimum
842 601 894 662 est.
930 601 963 661 et
977 619 1019 662 ne
1034 599 1125 662 unius

111 688 241 749 tantum
262 688 390 749 utemur
412 686 568 770 exemplo,
592 682 708 768 quode
724 681 843 746 nostris
864 681 1042 748 maioribus
1064 684 1124 768 ple

111 790 247 918 Elinque
259 770 397 918 uetiltum
408 767 716 920 eqt'faltteeriusfffltffl
726 786 907 916 ⁸ssg¹¹t⁰¹¹fm
919 765 1123 866 preference.

150 876 297 919 ianus
346 876 441 919 neam
483 877 518 920 ra
553 876 569 918 r
611 875 647 917 1n
684 872 746 916 unc
781 871 830 915 ne
867 872 966 915 uuam
989 873 1124 917 carmme

112 940 158 1004 sic
191 940 238 1003 ait
264 940 367 1004 texisti
393 940 558 1006 assiduum
574 903 693 1004 ’bellem
713 937 750 1002 in
771 939 831 1001 teto
853 937 1011 1002 curriculo
1033 939 1125 1019 citae,

112 1023 173 1087 hoc
192 1044 253 1120 pro
276 1024 460 1087 accusatiuc
482 1023 614 1107 possuit.
649 1019 863 1106 inpereonnlis
888 1024 997 1084 autem
1017 1021 1125 1086 modus

73 1127 98 1166 ιο
113 1107 235 1191 pesemi
261 1106 353 1171 uerbi
381 1107 494 1171 similis
517 1111 661 1256 satietur.
706 1104 761 1171 sed
783 1105 857 1189 quia
878 1125 1050 1188 personam
1071 1127 1126 1170 no·

110 1191 208 1255 minis
241 1212 309 1255 non
341 1192 472 1275 recipit,
504 1193 576 1257 iec
608 1190 772 1276 passiuum
800 1187 934 1254 uerbum
960 1209 1028 1254 non
1059 1189 1126 1258 erit.

112 1275 201 1339 cuiue
229 1274 341 1360 regula
368 1276 446 1341 haec
474 1298 544 1342 esse
575 1276 709 1356 dicitur,
738 1279 774 1340 ut
801 1274 830 1337 ei
857 1293 876 1337 e
898 1273 998 1338 uerbo
1021 1275 1125 1340 actiuo

111 1358 245 1442 uenerit,
269 1363 301 1424 et
322 1361 391 1443 ipse
413 1364 500 1446 eget,
523 1362 569 1425 ite
589 1364 698 1426 tamen
713 1362 750 1424 ut
764 1358 918 1423 infinitiui
932 1357 1020 1422 modi
1035 1362 1127 1444 egeat

111 1444 296 1509 adiumento
318 1445 493 1510 secundum
514 1445 595 1510 illud
610 1449 766 1510 Aeneae
787 1444 833 1509 ite
844 1441 980 1507 dicentis
995 1441 1125 1509 Hanni·

73 1545 97 1586 1⁵
111 1529 212 1594 talem
234 1530 346 1612 lecitcr
366 1531 404 1594 in
417 1531 467 1596 die
481 1531 552 1596 belli
566 1531 682 1596 diecese
692 1548 753 1611 pro
768 1529 969 1594 tricentcrum
982 1529 1126 1595 uirorum

108 1615 248 1697 potentia
270 1615 430 1696 armisque
450 1615 541 1680 tocie
561 1635 658 1680 meme
679 1619 763 1679 utar.
800 1613 827 1677 ei
849 1632 925 1677 uero
948 1633 968 1677 e
988 1612 1126 1678 neutrali

111 1699 210 1764 uerbo
241 1700 383 1781 uenerit,
413 1699 590 1764 abiaticum
618 1720 744 1764 caseum
772 1697 881 1762 trahat
908 1717 1039 1762 necesse
1067 1698 1127 1762 erit

111 1783 325 1849 Terrentio
349 1784 475 1850 dicente
497 1786 638 1851 curritur
660 1807 681 1849 c
703 1784 825 1862 cestris,
850 1779 1015 1846 interdum
1030 1783 1127 1847 etiem

179 1993 203 2040 2.
222 1985 495 2054 Eee.Nane.p.19:
523 1985 561 2039 At
599 2001 629 2040 ro
647 1985 821 2040 nominative
840 1982 895 2037 elio
914 1982 975 2036 loeo
993 1982 1071 2038 idem
1089 1983 1126 2037 sic

111 2053 163 2109 eit:
197 2052 268 2106 Solis
291 2069 402 2113 currere
425 2053 455 2106 in
478 2052 523 2106 die
547 2003 636 2106 eessvo
657 2052 885 2107 iocundissimum
909 2051 960 2104 eet.
995 2049 1126 2129 Ilelcriue

110 2120 199 2172 frater
216 2118 322 2172 Lucani
344 2118 384 2172 eie
407 2120 461 2173 cit:
484 2118 579 2186 legisti
601 2119 750 2173 adsiduum
772 2119 1061 2187 eq.procccueet1v0
1098 2133 1126 2172 e-

110 2186 175 2242 suit.
244 2186 280 2249 cf.
294 2184 379 2240 Oleen.
394 2200 450 2241 exe.
463 2185 495 2250 (f.
508 2186 579 2263 311113
597 2185 662 2240 Sine
680 2202 746 2240 casu
764 2201 831 2240 vero
849 2185 967 2263 yerlium
985 2201 1045 2240 esee
1063 2136 1102 2263 ii·

110 2253 182 2305 dmt
198 2254 316 2330 propter
333 2251 422 2328 vcnbe
438 2251 571 2330 infinitivi
588 2253 666 2307 medi
683 2269 756 2320 quae
774 2254 804 2306 in
821 2252 961 2331 ahquibus
979 2251 1127 2308 sententtie

109 2336 225 2374 casuum
238 2335 298 2372 nee
311 2334 433 2373 maxime
445 2319 613 2375 nominativi
624 2321 777 2375 accusativi
789 2319 906 2375 ablatm
926 2336 962 2374 ue
974 2323 1125 2390 ponuntur.

110 2389 143 2441 ut
160 2387 236 2456 apud
255 2386 433 2465 Tenentium
452 2387 489 2465 dc,
510 2387 580 2465 mihi
603 2388 701 2442 bibere
722 2389 753 2441 id
775 2388 874 2457 potum
892 2337 926 2464 e}
939 2390 1068 2442 nostrum
1085 2389 1128 2443 eet

89 2496 92 2501 .
111 2456 207 2509 vivere
225 2456 306 2508 triete
325 2455 599 2509 et1ocund1ecnnum
617 2457 660 2511 cet
678 2456 743 2510 eolis
761 2471 872 2511 currere
890 2455 936 2508 die
954 2457 1072 2511 aestivo.
1097 2456 1128 2509 id

110 2538 206 2574 eureus
225 2522 253 2574 et
270 2521 366 2590 legere
384 2523 414 2575 et
431 2538 487 2576 nen
505 2523 675 2592 intellegere
686 2539 744 2578 non
756 2524 800 2577 est
809 2521 905 2591 legere
918 2523 948 2576 et
958 2523 1002 2576 hie
1014 2523 1126 2582 similia.

110 2588 233 2642 sednon
251 2590 368 2669 propter
384 2589 454 2643 haec
472 2606 567 2644 cesum
583 2591 614 2644 in
632 2591 718 2645 verbo
737 2607 797 2646 esee
814 2590 972 2658 putendum
990 2591 1127 2658 quiahoc

110 2656 274 2711 elocutione
297 2671 386 2725 genus
409 2657 486 2726 greci
504 2659 672 2726 sequuntur,
695 2659 725 2712 in
746 2658 835 2713 latine
853 2672 920 2711 vero
938 2673 1001 2712 rere
1019 2657 1127 2713 inveni·

108 2725 164 2778 tur.
233 2729 256 2777 9.
269 2723 338 2779 Eaec.
356 2723 448 2779 Nane.
463 2740 493 2793 p.
505 2729 554 2780 21:
573 2725 615 2780 De
633 2726 661 2778 in
684 2726 804 2781 creoneli
822 2725 914 2779 modo.
941 2725 1126 2795 inpereonelie

110 2793 206 2846 autem
219 2791 362 2860 -regula
379 2791 419 2869 eie
438 2807 498 2846 cese
517 2823 549 2832 -—
567 2792 639 2846 illud
657 2744 771 2849 Xenece
791 2792 910 2848 dicentis
929 2823 962 2832 -
980 2809 1077 2848 cesum
1094 2823 1126 2834 -

110 2860 195 2914 etiem
215 2861 245 2913 et
262 2889 295 2898 -
312 2858 429 2912 attrahit
447 2889 480 2899 —
498 2860 612 2914 bellum.

179 3054 192 3100 1
211 3063 262 3101 noe
277 3047 305 3101 P
317 3047 355 3114 13
373 3044 444 3099 sicut
460 3045 489 3098 P
500 3046 538 3113 111
556 3046 669 3100 helerus
686 3047 713 3102 P
726 3049 736 3117 11
749 3049 856 3120 lucenti
868 3050 895 3104 P
907 3050 917 3117 1
929 3049 996 3102 iuua
1008 3049 1053 3120 ini
1069 3046 1125 3131 Ρ-11

109 3136 125 3184 8
143 3131 266 3184 assidam
284 3131 312 3185 P
328 3131 383 3200 1110
405 3129 454 3183 sed
471 3144 521 3185 cm.
540 3129 574 3183 N
586 3131 596 3199 1
616 3136 646 3184 11
665 3133 768 3203 recipit
785 3136 816 3205 (1,
833 3151 868 3191 ex
885 3136 910 3201 e)
929 3133 981 3202 Nl!
993 3133 1060 3190 ideo
1076 3139 1126 3204 pie

109 3263 165 3301 nen
182 3248 217 3302 N
224 3250 234 3316 11
249 3255 280 3303 13
298 3250 374 3318 venis
407 3265 424 3304 a
453 3249 486 3318 (i¹
500 3264 517 3302 a
533 3263 568 3303 ee
583 3251 664 3309 comt
683 3251 718 3305 N
725 3253 735 3321 11
747 3254 814 3321 ipsae
827 3251 867 3314 P,
889 3213 979 3328 ici-siff!
995 3253 1030 3321 (i,
1047 3269 1082 3309 ec
1099 3258 1125 3317 e)

108 3314 142 3368 N
150 3317 160 3383 11
173 3319 240 3384 agat
256 3316 298 3383 P,
317 3249 476 3438 egeissfftm
494 3332 528 3396 ex
544 3318 628 3398 cerr.)
646 3317 681 3371 N
689 3320 699 3387 1
711 3319 796 3388 egeat
809 3318 840 3394 l’
852 3317 861 3381 11
873 3315 1013 3372 inemitivi
1030 3322 1081 3391 Ρ11
1095 3324 1127 3399 14

108 3396 217 3436 eenteee
241 3384 270 3450 (e
288 3384 367 3450 erac.)
425 3387 435 3454 11
446 3384 574 3454 nnmbale
590 3385 640 3453 Ρ1
655 3390 753 3440 14-16
771 3383 930 3436 adiumento
953 3387 1019 3440 utar
1041 3387 1125 3443 hodie

108 3496 200 3535 meme
218 3482 252 3536 N
265 3488 313 3538 cet.
331 3498 382 3542 em.
398 3484 410 3552 11
428 3491 458 3540 11
481 3458 607 3541 ablativi
622 3487 656 3541 N
669 3488 679 3555 11
696 3463 792 3540 trehit
808 3481 842 3535 N
850 3483 860 3548 11
875 3486 905 3537 18
923 3481 1043 3551 inldnm
1060 3489 1096 3546 P.
