2354 3946
371 163 419 218 iv.
447 162 535 249 vnn
553 163 581 218 s,
599 163 769 221 acanus.
792 188 816 245 ,Γ
1031 168 1075 234 49

58 326 197 413 Impetit
220 326 412 411 obsequium
435 325 558 391 cunctis
581 331 771 393 transversa
793 328 928 412 fugatis.

62 416 142 483 Sola
165 415 278 499 virago
303 414 396 478 stetit
417 415 555 479 necdum
578 415 617 479 de
639 416 730 481 fonte
753 423 867 482 renata

62 505 128 571 Sed
151 504 272 568 donata
294 502 372 586 fidc;
395 506 550 569 constans
574 502 650 569 dum
672 505 759 569 iusta
782 509 929 571 moneret

10 611 40 660 ts
62 593 299 676 Inveheretque
322 613 405 675 reos,
427 591 496 656 illic
517 591 665 676 lapidata
688 593 821 677 quievit.

61 681 258 765 Martyrium
281 680 333 745 cui
355 683 451 765 petra
473 680 576 765 dedit,
599 683 784 747 constantia
807 684 941 748 caelum.
1092 704 1108 744 r.
1123 697 1152 747 a*

61 770 196 835 Excitat
219 772 367 833 actutum
390 769 488 834 tellus
512 769 640 855 agitata
662 772 814 855 resultus,
1022 780 1025 786 “

62 859 158 923 Aeris
182 858 232 921 ira
253 856 375 940 fremit,
398 859 515 922 mortis
538 859 683 923 desaevit
706 859 741 923 in
762 859 885 942 hostes,

61 946 205 1031 Fulgore
227 945 322 1028 lapsa
345 944 480 1030 micant,
502 946 644 1011 tonitrus
668 969 820 1032 crepuere
842 948 1001 1034 fragores.

10 1053 41 1103 50
61 1035 183 1100 Iudicis
205 1034 324 1099 infidos
348 1034 466 1099 stravit
489 1035 536 1098 sic
557 1034 608 1099 ira
630 1034 801 1122 profanos3

62 1124 135 1188 Hoc
158 1123 253 1188 datur
276 1122 421 1187 indultus
444 1122 520 1187 fidei
543 1126 667 1188 terrore
690 1125 858 1190 ministris.

62 1212 125 1277 His
148 1214 242 1297 pater
265 1211 403 1296 expletis
420 1211 543 1297 'Agnae
567 1216 733 1298 materque
757 1214 907 1279 sacerdos

62 1300 212 1386 Virginis
235 1303 366 1365 enectae
389 1299 585 1364 contradunt
607 1302 755 1366 membra
778 1302 935 1385 sepulcro.

62 1391 221 1456 Postume
244 1409 317 1453 oum
340 1390 456 1452 fierent
479 1387 595 1474 Agnae
618 1389 685 1453 iam
708 1391 821 1455 munia
842 1395 956 1475 noctu,

10 1497 42 1549 55
63 1476 275 1565 Virginitatis
300 1497 383 1561 apex
406 1477 476 1540 auri
500 1477 682 1542 subtemine
705 1481 815 1543 textus

63 1567 217 1635 Cernitur
239 1565 371 1630 indutus
395 1565 543 1649 cyclades
568 1569 602 1630 et
623 1565 704 1630 lucis
729 1566 868 1631 amictus

62 1658 153 1722 Inter
176 1676 241 1739 eas,
263 1659 376 1720 noster
400 1655 561 1718 memorat
584 1674 664 1737 quas
688 1676 804 1738 sermo,
826 1656 962 1739 puellas.

61 1747 140 1831 Ipsa
163 1765 316 1828 suprema
338 1747 451 1807 tenens
475 1742 588 1829 Agnes
611 1745 779 1827 spectatur
801 1743 945 1822 honoris,

64 1833 158 1910 Quod
181 1854 288 1898 comes
313 1832 429 1896 eximie
453 1830 566 1895 dexter
588 1830 765 1896 comitatur
787 1835 918 1896 euntem

10 1941 44 1992 so
64 1924 190 2008 Agnus,
213 1922 254 1986 ab
276 1920 402 1985 intacta
424 1919 519 1984 fluxit
542 1918 599 2003 qui
621 1919 758 2004 virginis
782 1920 865 1986 alvo.

62 2010 149 2077 Mira
172 2012 286 2094 stupor
310 2008 385 2073 dum
408 2007 480 2072 visa
501 2010 606 2091 tenet,
630 2007 707 2072 dum
729 2008 847 2074 horror
869 2009 1019 2094 habetur,

64 2099 215 2164 Postulat
238 2098 383 2163 incessus
406 2095 517 2181 Agnos
542 2095 689 2161 abeundo
712 2097 828 2162 teneri.

63 2187 194 2273 Figitur
218 2187 301 2251 inde·
316 2186 449 2273 gradus3
472 2184 587 2250 hilaris
611 2184 743 2251 adfatur
765 2186 900 2252 amicos:

64 2274 289 2360 ‘Congaudete
312 2274 394 2339 mihi
416 2272 562 2338 functam
584 2295 644 2340 nec
667 2277 773 2340 morte
790 2275 918 2343 timete.

10 2382 46 2432 os
65 2364 105 2428 In
128 2384 298 2429 commune
321 2362 457 2427 thronos
481 2361 565 2426 lucis
589 2363 746 2434 sortimur
769 2368 913 2448 ovantes,

65 2453 258 2518 Praesentat
277 2473 356 2535 quas
375 2450 465 2514 visus
489 2450 604 2515 honor.
646 2448 844 2538 Supera-ddo,
866 2453 953 2537 quod
975 2453 1080 2538 illum,

66 2541 170 2618 Quem
193 2541 289 2604 terris
313 2539 413 2623 colui,
435 2538 573 2603 uinctim
596 2559 693 2624 super
716 2543 806 2604 astra
828 2540 976 2606 retento?

66 2628 207 2712 Auditis,
230 2651 312 2712 quae
336 2627 422 2692 dicta
445 2631 577 2711 sonant,
600 2628 754 2693 transivit
778 2630 914 2713 etipsa.

65 2717 156 2782 Haec
177 2717 225 2781 ita
248 2717 324 2781 dum
347 2716 447 2802 vulgo
470 2716 586 2781 fierent
609 2716 747 2802 vulgata
768 2737 827 2799 per
850 2717 977 2801 orbem,

10 2822 48 2871 uo
67 2805 168 2870 Fama
193 2805 313 2890 gradm
337 2804 448 2869 audita
469 2825 605 2869 vomens
630 2802 706 2868 dum
727 2803 829 2869 ferret
851 2803 886 2868 in
908 2828 1056 2890 usquam,

67 2893 229 2978 Principis
253 2893 294 2957 ad
316 2896 429 2958 natam
452 2891 594 2956 Romani
616 2895 711 2977 gesta
734 2892 868 2975 refudit,

67 2982 208 3048 Nomine
232 3003 313 3066 quae
336 2980 453 3045 merito
477 2978 674 3045 Constantia
695 2981 790 3067 virgo
815 2982 957 3046 vocatur.

68 3069 169 3136 Cuius
192 3070 228 3134 in
250 3091 323 3135 arce
347 3068 478 3134 domurn
501 3068 608 3133 cordis
632 3069 795 3154 sapientia
818 3068 937 3134 struxit
1098 3098 1115 3137 r.
1128 3088 1154 3139 ar

67 3159 112 3224 nt
134 3159 217 3223 banc
240 3158 325 3224 velle
348 3180 442 3222 suum
465 3159 615 3223 constare
638 3159 744 3223 suasit
766 3157 800 3222 in
824 3178 955 3241 aevum3

137 3392 189 3442 345
206 3385 436 3455 ‘Inueharetque’
454 3400 471 3438 a
489 3383 657 3440 exstinctum
709 3389 762 3440 348
774 3383 907 3440 ‘deuenit'
959 3388 1012 3439 353
1028 3383 1080 3438 ‘sc-

65 3456 197 3556 pulchro'
238 3462 306 3555 ‘3⁵⁶
327 3456 412 3553 ‘ciclo
430 3456 491 3510 des’
547 3461 600 3554 {369
621 3456 759 3553 ‘ccipias’
815 3461 868 3511 360
883 3455 993 3512 ’συζῶ-
1028 3459 1081 3511 368

78 3529 214 3601 prandue’
249 3528 352 3584 affatur
419 3532 471 3582 867
491 3542 528 3580 an
559 3533 707 3582 cundem?

118 3628 250 3680 Harenas,
264 3629 344 3668 Vrru
359 3635 511 3668 srroroxurr.
904 3618 923 3668 4
