2354 3946
295 213 329 270 V.
358 213 508 268 GARMEN
529 213 578 268 DE
597 214 624 269 S.
640 213 830 280 QUINTINO.
1028 215 1071 280 55

58 379 122 441 Ast
144 377 200 440 ubi
224 377 414 460 sortilegum
437 377 563 462 pondus
587 376 729 461 suscepit
750 375 891 461 iniquus,

10 485 37 533 lo
59 465 170 531 Saevit
192 465 288 549 inops
312 467 413 529 animi
435 466 527 530 furiis
550 466 728 530 bacchatus
753 465 876 530 acerbis

57 555 207 619 Insontes
232 558 346 619 contra
368 554 505 638 populos
528 555 687 619 vibrando
710 553 830 619 furoris

57 643 168 707 Arma.
209 643 275 707 Leo
298 642 451 707 frendens
476 643 603 728 quando
627 643 765 708 dimittit
787 644 822 707 in
845 643 948 708 antris

58 730 125 796 Oeu
148 731 274 795 catulos
298 731 388 795 dirae
411 736 554 796 maestos
577 732 674 796 famis
698 731 870 816 anxietate,
1089 753 1104 794 ι.
1119 747 1160 795 ιογ

58 819 122 883 Ροι
146 820 249 884 saltus
272 842 440 883 nemorum
464 821 578 904 currit,
600 843 659 904 per
681 843 757 885 rura
781 820 924 885 solorum

10 926 37 975 ιο
57 907 213 978 Naneisci
236 908 368 993 cupiens
392 909 529 993 aliquid,
553 909 591 974 de
615 931 679 992 quo
703 909 872 993 satientur,

57 997 154 1060 Haud
178 1019 269 1061 secus
293 997 350 1061 ille
368 1019 490 1083 procax
512 998 609 1062 villas
632 998 796 1063 lustrabat
818 1001 851 1062 et
873 998 970 1062 urbes

59 1084 290 1150 Christicolum
313 1087 427 1150 sitiens
452 1087 592 1170 aliquem
615 1087 739 1150 laniare
762 1090 928 1170 cruentum

58 1172 205 1257 Denique
229 1178 390 1258 quotquot
413 1179 508 1240 erant
531 1175 758 1261 conspectibus
782 1174 879 1240 obuia
902 1175 993 1241 cuius

58 1263 201 1348 Agmina
223 1267 424 1347 sanctorum,
446 1264 530 1328 nulli
552 1264 708 1347 parcebat
731 1286 851 1329 eorum

10 1369 38 1417 ιο
57 1351 126 1415 Νοο
148 1351 269 1415 ferrum
292 1353 441 1417 flammas
464 1357 567 1437 arcet,
589 1374 649 1418 nee
673 1375 782 1418 mucro
807 1357 952 1439 catenes,

58 1438 93 1503 Si
115 1440 171 1523 pix
195 1445 344 1504 excussat
366 1442 548 1524 calcem,
522 1463 550 1505 s1
574 1463 683 1506 carcer
706 1445 848 1526 acetum,

56 1527 196 1610 Equulei
214 1528 300 1592 haud
318 1529 481 1594 trochleas
496 1529 644 1594 adimunt
658 1530 798 1594 laminas
812 1551 916 1614 neque
930 1530 1070 1615 pollunt;

57 1616 137 1679 Rest
123 1616 229 1700 ticuli,
251 1617 434 1701 lapides,
409 1640 437 1682 οι
439 1619 480 1681 tis
506 1624 603 1702 atque
625 1618 744 1683 fames.
768 1617 964 1682 adhibentur

58 1704 190 1789 Omnia,
214 1727 296 1787 quae
318 1711 473 1808 poterant
495 1706 639 1772 nancisci
663 1727 776 1770 sensus
800 1709 833 1769 et
855 1705 918 1789 ira,

10 1810 38 1858 15
58 1791 120 1857 Sus
105 1793 171 1857 ffiri
193 1797 358 1858 tormenta
381 1796 461 1859 viris
484 1816 544 1859 nec
567 1795 695 1859 distulit
718 1794 822 1858 almis

57 1880 119 1945 Dic
143 1881 237 1964 mihi,
261 1883 320 1967 dic,
344 1883 437 1965 latro,
461 1883 521 1966 dic,
543 1886 650 1948 tortor
672 1883 805 1968 perfide,
828 1903 961 1966 quaeso,
1027 1898 1030 1903 ·

57 1969 92 2033 Si
114 1992 236 2054 poenas
259 1971 346 2056 apud
368 1935 532 2036 infernurh
555 1964 640 2036 tales
664 1971 815 2036 didicisti.

56 2058 239 2123 laterales
262 2080 321 2141 per
342 2062 376 2124 te
399 2061 513 2125 melius
536 2079 622 2125 nunc
645 2060 767 2126 discere
789 2045 938 2161 prorsus:
1014 2061 1015 2067 ’

56 2146 147 2211 Ηοοο
170 2147 287 2231 quibus
311 2148 477 2235 intuleras,
500 2149 628 2233 vivunt,
650 2171 710 2234 per
733 2149 862 2213 saecula
884 2147 1011 2230 vivunt,

10 2253 38 2301 ιο
58 2234 108 2299 Τιι
131 2235 296 2300 flammas
302 2259 360 2320 per
362 2239 426 2302 fers
450 2201 572 2324 iirgiter
594 2236 791 2323 Stygiasque
813 2237 949 2322 paludes

55 2322 249 2388 Vociferans
274 2327 428 2409 quereris,
452 2332 582 2391 sanctos
606 2326 765 2392 cernendo
788 2325 945 2411 profaris·

57 2411 193 2476 Discite
161 2413 377 2478 tinstitiatn
382 2415 536 2500 ,miseri,
558 2437 618 2480 nec
639 2419 783 2480 temnere
805 2414 928 2498 Ιοοιιιιι,

55 2500 193 2584 Parcite
216 2501 358 2587 lictores,
373 2503 503 2589 flagris,
525 2525 616 2588 rogo,
638 2495 762 2587 parcite
785 2502 908 2618 poenis,

55 2588 179 2654 Vivent
165 2594 214 2653 tes
237 2595 350 2673 parete
375 2591 443 2675 deo,
465 2615 529 2655 neu
551 2592 614 2656 huc
636 2590 797 2656 veniatis?
1087 2609 1103 2649 r.
1117 2602 1155 2651 π’

10 2695 37 2743 ιο
55 2676 216 2741 Insistens
238 2678 341 2762 igitur
363 2701 441 2764 coep
443 2685 477 2744 to
443 2680 692 2744 tRieiovarus
717 2700 838 2763 amens,

56 2765 244 2830 Praefectus
268 2789 331 2850 quo
354 2790 421 2833 non
420 2705 528 2832 palius
552 2768 713 2832 crudelior
735 2767 832 2851 ullus,

56 2853 216 2919 Audierat
238 2854 360 2920 famam
383 2855 531 2932 Quintini
555 2857 709 2940 martyris
733 2855 825 2937 almi,

57 2941 150 3017 Quod
174 2944 379 3026 figmenta
352 2947 430 3027 smi,
454 2944 621 3011 Christum
644 2966 756 3031 regem
778 2943 926 3008 venerari

55 3029 263 3113 Praeciperet
285 3034 401 3115 verbis,
425 3035 575 3098 suaderet
596 3034 731 3098 vocibus
755 3033 842 3096 altis.

10 3135 38 3184 ιο
56 3119 233 3204 Extemplo
257 3121 399 3186 stridens
421 3123 512 3187 urbis
536 3122 576 3187 ad
600 3123 728 3187 moenia
749 3120 868 3204 tendit,

127 3369 162 3418 90
183 3363 343 3418 ‘bachatus’
404 3372 439 3420 93
459 3367 587 3421 ‘mestos'
644 3371 678 3420 91
699 3364 862 3419 ‘sacientur'
918 3369 952 3418 98
973 3362 1067 3445 ‘quod

54 3435 137 3503 quod’
197 3440 248 3489 100
269 3436 380 3502 ‘saum’
443 3443 494 3493 102
514 3437 648 3494 Aeculet'
671 3435 812 3492 trocleas'
874 3441 925 3489 110
945 3431 1067 3529 stigias·

55 3505 121 3578 que'
198 3511 249 3559 112
273 3506 341 3562 ‘tem
343 3509 441 3578 p’nere
516 3502 1066 3564 115‘riciofarus’11'1‘martiris’

56 3581 107 3630 118
127 3526 362 3648 figmentasini'p
404 3585 455 3634 120
475 3579 641 3650 Extimplo'
