2354 3946
109 186 173 250 120
386 185 446 243 Vll.
475 182 600 240 PASSIO
620 183 648 242 S.
667 182 837 240 ARNULFL

36 366 89 415 000
108 350 152 414 Et
175 350 281 430 lunae,
303 349 417 413 tremit
438 348 523 412 unde
546 347 666 430 solnm,
693 347 797 411 maria
820 346 889 411 alta
911 351 1098 414 tumescunt

108 438 207 504 Obice
231 438 359 502 divulso
382 458 560 520 rursusque
582 457 714 501 reversa
736 435 916 520 quiescunt.

107 526 169 592 His
193 528 271 591 deus
295 526 509 610 omnipotens,
534 526 588 609 qui
611 524 757 590 condidit
781 525 903 607 omnia,
928 522 1089 609 Christis,

107 615 282 698 Laudatur,
304 614 395 681 cuius
419 614 549 679 bonitas
573 613 721 678 concedit
743 618 866 697 opima,

108 705 156 770 Ut
177 704 276 769 homo
301 703 461 768 subsistat
482 703 622 767 rationis
645 705 678 765 et
701 701 862 767 afficiatur

36 810 89 859 000
109 792 184 857 Rite
208 814 310 876 capax
332 793 474 877 iustique
496 796 594 856 tenax
618 793 651 854 et
673 791 780 855 cultor
802 789 943 854 honesti.

71 907 76 914 ·
109 881 214 958 Quam
232 882 335 946 bonus
360 884 411 946 est
433 881 512 945 dens
535 879 750 963 omnipotens,
773 879 829 963 qui
848 883 966 944 cuncta
984 880 1121 946 creavit!

109 968 316 1053 supplicibus
339 970 426 1034 votis
448 969 484 1032 in
508 968 598 1034 cuius
621 967 771 1032 laudibus
795 967 900 1032 omnis

108 1057 233 1123 Musica
256 1058 427 1121 mellifluas
452 1060 649 1140 attemperet
672 1057 794 1139 optime
817 1056 955 1120 chordas

108 1145 260 1229 Explicet
277 1149 316 1208 et
338 1145 467 1229 linguas
491 1144 642 1209 facundia
664 1144 785 1209 nobilis
809 1166 929 1209 omnes.
951 1148 955 1169 ¹

37 1252 89 1300 010
107 1232 270 1318 Exiguum
295 1233 376 1297 satis
400 1236 464 1315 est,
487 1232 516 1296 si
538 1254 601 1297 vox
625 1233 769 1297 humana
791 1234 949 1316 rependat

110 1321 231 1403 Officii,
254 1325 383 1386 tantum
407 1321 494 1405 quod
517 1321 625 1401 debet,
649 1321 760 1385 debita
782 1343 895 1404 pensa,

108 1409 157 1476 De
181 1411 298 1495 pelago
322 1412 416 1495 quasi
440 1412 536 1495 gutta
557 1409 644 1493 fluit,
667 1432 741 1475 cum
763 1414 854 1474 totus
877 1410 911 1474 id
933 1411 1043 1494 ipsum

109 1499 240 1565 Fundus
264 1504 355 1585 agat:
379 1499 523 1564 sedati
547 1521 590 1578 00,
613 1502 734 1563 canunt
753 1520 847 1583 quem
867 1500 1013 1584 saecula,
1036 1499 1125 1586 fecit,

111 1588 203 1665 Quod
226 1589 375 1653 dominus
399 1587 490 1652 Iesus
514 1521 558 1651 dt
579 1587 614 1651 in
639 1588 707 1652 alto
732 1587 872 1652 culmine
896 1589 1012 1670 patris.
1036 1625 1080 1636 ——

37 1677 181 1743 0151000
205 1679 440 1762 supradictus,
464 1698 560 1760 quem
583 1676 664 1741 caeli
687 1677 777 1762 regia
801 1676 920 1740 dudum

108 1765 271 1831 Poscebat
295 1765 358 1831 sibi
382 1766 513 1831 concedi
535 1765 696 1849 terrisque
719 1765 846 1849 negari,

107 1854 273 1941 Egregius
296 1860 402 1921 rector
426 1855 573 1919 carnales
596 1854 737 1938 liquerat
761 1856 860 1917 artus.
1145 1870 1177 1910 0.

109 1942 311 2010 Caelicolum
334 1944 452 2009 turmis
475 1944 542 2008 iam
566 1943 660 2028 signa
683 1941 833 2027 potentia
855 1942 979 2026 passim

110 2031 203 2108 Quod
226 2033 325 2097 fuerit
348 2034 476 2099 iunctus
501 2033 679 2116 declarant3
704 2031 841 2114 denique
864 2031 954 2095 fama

38 2137 90 2186 000
109 2121 236 2187 Detulit
258 2122 339 2186 haec
361 2143 462 2204 usque
485 2119 655 2202 Illyricum
677 2124 852 2203 partesque
874 2121 1015 2202 replevit

109 2210 284 2293 Hispanas,
306 2208 363 2272 ubi
387 2213 437 2271 vir
462 2210 594 2270 sanctus
618 2212 806 2272 constanter
829 2209 963 2292 agebat,

110 2296 278 2378 Arnulfus‚
298 2294 382 2378 quod
402 2293 551 2359 Christus
571 2300 674 2375 amat,
694 2294 781 2378 quod
799 2296 938 2360 mundus
959 2297 1127 2367 abhorret.

110 2385 244 2449 Talibus
269 2382 388 2447 auditis
412 2383 479 2447 alte
501 2381 623 2465 premit
645 2383 756 2447 omnia
779 2405 902 2449 secum:

110 2472 203 2548 Quod
225 2473 331 2556 pietas
356 2472 473 2555 agitet,
497 2492 609 2534 rursus
633 2471 719 2554 quod
743 2473 851 2559 gloria
873 2473 984 2557 tollat,

38 2577 90 2625 925
109 2559 155 2624 Et
178 2561 264 2644 quod
286 2560 345 2624 fiat
366 2560 427 2642 ibi,
452 2581 561 2624 secum
585 2558 744 2626 deliberat
766 2563 846 2647 ipae.

109 2646 239 2714 Scilicet
262 2653 407 2714 actutum
431 2671 587 2734 personas
611 2651 703 2736 eligit
727 2656 831 2736 aptas,

109 2736 199 2813 Quae
222 2737 355 2802 rudibus
379 2738 507 2822 prosint
529 2739 659 2823 populis
684 2744 717 2804 et
740 2745 836 2823 grata
859 2738 988 2805 novello

108 2825 204 2890 Dona
228 2827 321 2911 gregi
344 2828 500 2891 tribuant.
542 2827 603 2891 His
628 2821 736 2893 a'utem
760 2829 823 2893 rite
846 2831 984 2913 patratis

110 2912 223 2998 Carpit
246 2914 309 2978 iter
332 2915 511 2999 callemque
535 2916 773 2980 teritfestinus
798 2918 839 2982 ad
861 2917 975 2981 urbem

36 3015 89 3064 000
108 3000 299 3081 Remorum,
323 3025 386 3086 quo
410 3006 600 3088 perveniens
622 3002 669 3066 ibi
692 3005 835 3088 caespite
858 3008 982 3068 tectum

107 3087 266 3173 Repperit
290 3092 602 3176 almifluumsquem
626 3113 726 3174 supra
747 3091 836 3156 facta
859 3092 986 3156 nitebat

107 3175 274 3241 Ecclesiae
298 3180 445 3264 speciosa
469 3179 593 3243 domus.
638 3179 687 3242 De
711 3200 801 3242 inore
825 3184 974 3244 retexens

179 3340 231 3389 900
252 3334 341 3388 ‘lune’
398 3339 449 3389 908
472 3334 594 3389 ‘cordas’
651 3338 702 3386 013
724 3333 802 3386 ‘cunr
824 3352 875 3403 que
902 3336 1007 3391 sccula’
1070 3344 1123 3395 910

109 3403 186 3459 ‘celi’
238 3410 291 3460 918
307 3405 484 3460 ‘Celicolum’
536 3410 589 3458 920
605 3403 678 3458 ‘hec’
701 3401 855 3458 ‘illiricum’
908 3411 960 3459 923
977 3407 1121 3476 ‘praemit’

107 3492 161 3530 sec.
185 3494 222 3532 m.
247 3491 382 3546 superscr.
408 3476 502 3529 ‘illud'
573 3473 727 3538 92’1‘Que'
798 3480 850 3530 930
871 3476 999 3544 ‘cespite'
1069 3486 1123 3535 932

108 3545 246 3603 ‘Ecclesia
264 3547 396 3618 spetiosa’
