2354 3946
346 204 406 259 Vll.
433 201 559 258 PASSIO
578 203 605 258 S.
624 202 794 259 ARNULFI.

61 367 246 452 Conceptus
268 371 429 451 natusque
454 387 547 430 sacre
571 366 608 431 de
632 366 770 451 virginis
795 367 870 431 alvo

60 456 184 521 Mariae
206 478 301 521 verus
326 456 403 520 deus
428 454 581 519 ethome
606 477 699 520 verus
724 455 757 518 in
781 455 853 519 isto·

59 579 125 704 Edst
143 580 324 633 conversatus
342 576 446 630 mundo
466 575 652 630 medicamina
670 577 807 645 praebens

86 648 207 704 ebilibus
227 646 343 713 cunctis,
363 649 392 700 et
411 663 475 701 cum
494 647 610 701 miseros
628 646 778 702 miseratus

59 720 210 774 Perficeret
228 717 343 788 pietatis
363 733 441 786 opus,
461 717 524 771 dire.
542 719 587 772 est
603 732 684 771 cruce
703 734 812 786 pessus.

61 790 186 846 Sublatis
205 788 312 859 spoliis
331 787 440 857 pridem
458 805 530 856 quoe
549 787 672 842 claustra
690 790 826 843 tenebant

60 862 152 931 Impia
170 862 377 928 Tartareeeque
397 859 495 913 domus
515 860 544 915 et
562 861 688 913 monstra
704 858 851 928 profundi,

59 932 155 987 Tertio
173 931 240 986 dum
259 931 353 984 radios
372 929 497 999 gaudens
517 946 617 984 eurora
635 934 762 997 pararet:

59 1005 132 1058 Ecce
151 1003 300 1057 resurrexit
319 1002 362 1055 sol
381 1000 517 1054 maximus
537 1003 566 1055 et
584 1001 629 1054 leo
648 999 739 1068 fortis,

61 1075 150 1141 Quem
168 1075 259 1128 tribus
279 1071 375 1127 eduxit
393 1070 517 1127 humano
535 1072 661 1141 germine
680 1071 757 1125 Inde.

59 1145 124 1215 lpse
144 1145 201 1199 suis
219 1142 355 1213 posthaec
375 1141 454 1197 dedit
471 1140 659 1212 insuperabile
677 1143 770 1210 robur,

59 1217 214 1285 Postquam
233 1215 373 1269 sideream
390 1230 518 1269 remeans
537 1215 734 1282 penetraverat
755 1215 861 1271 aulem.

58 1285 161 1340 Iudicii
179 1286 346 1355 quandoque
365 1284 412 1340 die
430 1285 594 1338 confidimus
613 1283 694 1338 illum

59 1355 173 1424 Adiore,
193 1357 304 1425 quando
324 1371 373 1410 suo
392 1355 508 1410 donabit
525 1372 665 1425 quemque
683 1355 787 1410 labore.

59 1428 141 1482 Hunc
159 1426 213 1481 tibi
232 1426 402 1481 credendum
421 1426 566 1493 denuncio,
584 1443 641 1495 quo
662 1426 722 1480 sine
740 1442 824 1482 nemo

60 1496 168 1554 Salvari
186 1499 264 1553 valet
283 1514 315 1552 ac
334 1497 427 1567 quivis
446 1498 502 1552 iem
522 1497 626 1551 desinit
644 1497 724 1552 esse!

60 1567 105 1625 Sic
124 1571 204 1624 tenet
221 1568 364 1637 Arnulfus,
384 1568 427 1622 vir
445 1567 577 1637 simplex,
597 1569 653 1622 oris
672 1568 796 1623 habenas

58 1640 162 1695 Reddit
180 1644 210 1695 et
226 1640 368 1694 intentum
386 1638 510 1693 formosa
531 1640 622 1694 oratio
640 1656 744 1709 regem.

58 1711 130 1765 Tum
149 1727 210 1764 rex:
232 1710 377 1765 ‘Peremus
396 1708 512 1778 facturi,
531 1726 659 1779 quaeque
678 1708 810 1778 revolvis,

59 1779 88 1835 Si
107 1782 187 1836 nobis
206 1780 349 1850 quoddam
368 1779 481 1835 efflictis
500 1785 644 1851 proestare
662 1780 793 1848 valebis,'

57 1851 149 1921 Dixit,
170 1853 232 1921 ‘pro
251 1852 342 1920 signo,
362 1853 385 1906 si
404 1867 519 1920 serpens
537 1850 646 1906 scilieet
664 1851 763 1920 ingens

57 1923 182 1979 Intereat
199 1939 250 1991 per
268 1924 305 1989 te,
325 1922 373 1991 qui
392 1923 503 1976 nostres
522 1922 616 1991 perdit
634 1922 737 1990 ubique

57 1996 122 2050 Res.
142 1993 245 2050 Scrobe
264 2011 329 2048 nem
347 1992 464 2047 latitans
483 1992 612 2047 sinuosos
631 1993 783 2063 complicet
801 1993 883 2050 orbes

58 2067 247 2134 Ingentesque
265 2063 365 2134 globos
384 2067 414 2119 et
432 2063 527 2118 lucide
544 2067 627 2133 terga
645 2065 768 2131 volutat3
791 2073 792 2076 ’

60 2135 187 2205 Quinque
206 2151 295 2205 capax
314 2135 436 2204 capitum
456 2135 561 2205 linguis
580 2135 756 2190 vibrantibus
775 2151 826 2189 ora
844 2166 878 2176 -

57 2206 112 2262 Per
129 2207 222 2262 varies
241 2221 371 2275 squamas
391 2204 485 2260 varius
506 2208 582 2260 color
599 2205 708 2261 indicet
725 2205 797 2260 illud

57 2278 224 2332 Pestiferam
244 2294 344 2346 corpus
362 2275 503 2331 tumidum
521 2280 667 2347 grassante
685 2291 794 2332 veneno
814 2308 848 2318 -
975 2341 980 2350 '

58 2347 148 2403 Sibile
167 2348 268 2403 lambit
285 2349 375 2404 hians.
413 2348 469 2402 Sed
488 2365 552 2403 cum
569 2349 710 2403 resolutus
728 2348 764 2402 ed
783 2365 866 2403 eures

58 2417 210 2489 Egreditur
227 2421 370 2488 solemque
390 2417 481 2486 videt,
501 2419 660 2474 distendere
678 2419 766 2474 nodos

56 2489 159 2560 Incipit
176 2491 206 2544 in
224 2491 340 2559 longum
359 2508 371 2544 s
392 2489 442 2544 iris
460 2506 510 2558 per
528 2491 614 2559 plena
632 2488 742 2544 solutis.

57 2562 233 2616 Ascendente
252 2562 297 2615 die
315 2579 372 2631 peu
403 2562 456 2614 tim
475 2561 558 2615 belua
576 2572 653 2614 sese·

56 2632 149 2701 Erigit
167 2633 204 2685 ed
221 2633 315 2687 radios
334 2633 447 2702 agitans
465 2631 575 2685 fervore
593 2646 714 2697 venena;

56 2702 194 2758 Postheec
213 2702 338 2758 letiferos
358 2706 489 2758 eructans
508 2705 621 2770 gutture
640 2701 723 2756 fletus

57 2770 197 2843 Sulphnre
215 2773 360 2829 succendit
377 2773 453 2827 bona
470 2773 563 2826 terrae
582 2775 610 2826 et
629 2771 723 2827 vostat
741 2771 854 2842 ubique.

56 2842 103 2898 Sic
122 2845 248 2899 homines
265 2848 409 2914 nequeunt
428 2860 456 2898 se
475 2842 527 2898 illo
546 2841 658 2898 vivente
677 2841 765 2911 tueri3

127 3009 178 3059 807
199 3003 310 3058 ‘Marie’
335 3003 382 3057 hic
406 3020 503 3058 versus
525 3001 641 3057 ultimus
664 3004 708 3057 est
733 3002 763 3056 in
785 3001 854 3057 folio
875 3006 922 3070 193
951 3017 1070 3070 sequens

56 3072 155 3129 folium
178 3074 279 3143 incipit
300 3089 330 3128 a:
355 3074 489 3129 ‘Concors
513 3074 609 3142 etque’
631 3075 684 3128 etc.
708 3089 798 3141 neque
822 3072 911 3126 ullum
935 3073 1070 3128 indicium

56 3147 162 3213 exstet,
181 3163 215 3199 ex
228 3162 284 3214 quo
298 3161 384 3199 unum
399 3146 444 3199 vel
459 3146 514 3200 duo
529 3144 600 3200 folin
614 3143 747 3200 excidisse
762 3143 952 3198 coniecturam
971 3143 1068 3199 facies.

56 3214 156 3284 Itaque
175 3232 239 3269 cum
258 3215 460 3270 sententiarum
478 3233 581 3271 nexum
599 3216 702 3270 lacuna
720 3216 787 3270 setis
806 3229 910 3283 mogun
924 3215 971 3269 hic
985 3216 1069 3269 inter·

54 3293 168 3355 ruptum
193 3302 254 3340 esse
277 3287 418 3342 neminem
444 3285 549 3356 fugiet,
579 3287 759 3341 statuendum
782 3286 894 3340 ridetur
922 3285 1069 3340 librarium

54 3360 181 3412 nostrum
209 3359 259 3411 aut
285 3358 359 3412 hunc
388 3374 510 3414 errorem
532 3358 590 3412 iam
614 3358 644 3411 in
667 3374 718 3413 suo
742 3356 895 3427 exemplari
920 3357 1069 3413 offendisse

55 3430 85 3482 et
106 3428 250 3483 socordius
274 3428 465 3497 descripsisse,
489 3431 539 3483 ant
557 3446 643 3483 unum
661 3429 708 3483 vel
726 3429 809 3498 plura
826 3426 895 3482 folia
913 3425 1060 3485 transiisse

53 3496 229 3568 Apponimus
247 3498 320 3555 hene
339 3501 431 3553 totam
450 3499 580 3553 carminis
598 3501 709 3568 partem
728 3515 762 3553 ex
780 3497 876 3555 codice
890 3497 1054 3555 Bellortiunr

54 3569 237 3640 descriptam
260 3585 312 3624 nee
331 3571 426 3625 temen
445 3555 528 3640 pilare
547 3570 647 3625 lacuna
666 3570 802 3641 expletur-
