2354 3946
211 184 231 236 1.
259 179 385 236 mssro
405 178 576 236 5555555
593 178 640 234 55
660 179 770 236 mum
788 160 1065 242 Arosroconuu
1121 181 1141 244 9

174 342 254 406 Mox
274 343 359 407 hunc
383 347 611 425 comprensum
633 342 763 407 vincula
786 343 867 407 dura
889 343 1004 428 ligant.

130 431 273 496 Additur
286 436 330 494 ,55
352 431 473 495 Ρ55155
496 431 613 495 vinclis
637 431 803 516 sociatque
826 435 951 516 catena,

56 538 110 587 330
175 519 337 584 Nectebat
360 541 488 603 semper
511 540 591 602 quos
615 519 745 585 socialis
769 542 868 584 amor.

128 609 305 691 Exquisita
328 607 416 672 Nero
439 629 618 692 poenarum
640 612 788 673 monstra
810 610 958 692 recurrit,

175 697 245 773 Quo
269 717 386 780 genere
409 696 470 760 hos
494 699 586 760 sanct
588 717 625 760 55
647 697 798 781 perderet
819 699 890 782 ipse
913 698 1031 784 uiros3v

129 784 258 849 Divinis
282 787 447 868 nequeunt
470 784 613 848 humana
636 785 741 850 obsist
727 789 796 850 tero
818 807 967 872 namque,

175 872 262 948 Quae
286 874 363 937 deus
385 871 451 936 illc
466 873 569 957 ι55155,
592 873 653 956 qui
670 874 771 938 bona
779 878 895 940 cuncta
916 877 1014 942 uniet.

55 980 109 1028 335
129 961 161 1024 15
147 965 225 1045 tque
248 962 332 1026 redit
318 966 396 1046 tque
418 961 599 1045 frequens
593 961 746 1026 intentio:
750 963 838 1048 :dini
845 964 1013 1030 uirorum:

175 1048 320 1124 Quodst
306 1049 408 1114 tatuit
432 1047 544 1114 Christ
530 1053 593 1133 tus,
615 1050 754 1116 tortor
734 1051 880 1135 iniquus
900 1054 986 1138 agit3

128 1137 215 1202 Nam
238 1140 424 1222 praedicta
429 1138 532 1203 crucis
555 1142 701 1222 prensat
714 1161 770 1204 son
771 1140 874 1204 etntia
897 1104 1040 1226 Petrina,

174 1226 288 1291 Caedit
274 1230 329 1291 tur
352 1231 387 1291 at
409 1226 533 1291 Paulus
556 1249 632 1292 ense
655 1227 779 1309 nitente
801 1228 909 1312 pius·

128 1314 266 1379 Ducitur
290 1316 330 1379 ad
352 1337 491 1398 poenam
515 1301 694 1398 gaudenter
718 1317 855 1401 denique
878 1316 939 1382 Pet
924 1321 994 1383 trus

54 1420 109 1468 340
174 1403 302 1485 Aspicit
325 1408 425 1488 atque
448 1403 552 1467 crucis
576 1404 734 1489 stigmata
756 1409 836 1470 nota
860 1406 931 1470 sibi.

128 1491 301 1556 Carnifices
325 1491 432 1576 poscit
456 1495 642 1556 convertere
666 1494 784 1557 robora
806 1493 904 1578 ligni,

172 1580 349 1644 Dissimilis
374 1579 475 1644 simili
497 1602 539 1644 ne
563 1581 689 1645 occidat
712 1582 782 1666 ipse
805 1603 892 1662 nece,

128 1667 190 1732 Seu
212 1670 288 1753 quia
309 1673 415 1733 tortor
435 1672 524 1733 amat
544 1690 722 1752 poenarum
744 1676 920 1755 augmenta
941 1671 1102 1757 malignus

172 1756 386 1843 Indulgetquc
409 1757 525 1839 libens,
549 1758 577 1821 si
598 1762 691 1841 petat
712 1757 775 1822 hoc
797 1758 934 1841 patiens.

56 1861 107 1910 345
126 1844 189 1909 Η55
213 1844 300 1910 Nero
323 1845 478 1930 perfectis
502 1847 589 1910 laeto
614 1846 674 1910 sub
698 1851 829 1930 pectore
852 1847 986 1932 gaudet,

171 1933 330 1998 Doctores
353 1934 433 1998 iuris
457 1935 544 2019 quod
567 1934 709 1999 cecidere
732 1935 824 2000 sacri.

126 2022 172 2086 Et
195 2022 309 2107 populi
332 2028 427 2106 gesta
449 2023 530 2088 15555
551 2027 678 2088 maesto
697 2023 756 2088 sub
776 2022 871 2088 corde
890 2025 1050 2110 volutant,
1156 2054 1170 2094 r.

172 2110 223 2175 Nc
247 2116 320 2176 sata
342 2112 431 2175 laeta
453 2112 544 2195 prius
567 2112 674 2176 tristis
698 2134 793 2177 eruca
815 2116 916 2177 voret.

128 2197 190 2262 Sed
213 2199 327 2263 Petrus
352 2199 447 2263 dictis
471 2201 582 2263 tristes
607 2204 752 2264 armarat
777 2201 891 2266 amicis

56 2304 108 2352 350
172 2288 508 2370 Promittens·paoem
531 2288 750 2372 ecclesiaeque
773 2289 860 2353 bona

127 2374 196 2440 Nec
218 2376 285 2440 iam
308 2375 427 2440 deferri
450 2379 653 2460 contemptus
677 2377 776 2462 digna
798 2378 932 2461 superbi

175 2463 316 2528 Verbera
339 2485 434 2548 posse
459 2463 513 2528 diu
532 2465 659 2530 vindice
681 2487 797 2616 nempe
821 2466 890 2530 (150.

129 2551 245 2635 05555,
268 2552 416 2634 hortatu,
438 2553 587 2635 precibus
611 2553 715 2618 mouit
717 2554 808 2638 isque
832 2555 981 2640 benignis

172 2640 242 2704 Inst
229 2641 343 2722 truxit,
367 2640 477 2705 docuit
500 2645 613 2729 pastor
637 2642 793 2707 amandus
818 2663 928 2707 ovans.

56 2745 107 2792 355
127 2729 270 2793 Exuvias
295 2728 420 2792 animae
443 2724 576 2793 nobilis·
588 2729 742 2814 orbisque
765 2730 913 2795 levamen

170 2817 318 2881 Pendens
342 2816 467 2881 dimisit
491 2816 626 2969 spirittus
651 2823 738 2881 astra
739 2820 884 2918 petens.

126 2904 186 2968 His
211 2906 325 2989 firmis,
349 2927 367 2969 5
392 2905 505 2989 Roma,
528 2905 637 2970 nitens
662 2905 863 2991 geminisque
887 2907 1048 2972 columnis

169 2992 233 3058 Hic
256 2994 378 3057 retines
401 2993 535 3058 Petrum
558 2992 680 3111 Ρ55155
704 2996 737 3057 55
759 2993 833 3059 inde
857 2995 950 3060 iacet.

196 3187 311 3240 33831
315 3185 511 3282 conprensum'
535 3185 653 3240 15555151
709 3185 937 3253 231‘pena1um'
993 3187 1075 3240 3371
1077 3204 1139 3255 pre-

125 3254 988 3324 51155513383105555513555555555515555555555
1048 3262 1139 3312 3393

126 3297 724 3394 155555131555555513431555555
751 3327 990 3381 5555513543
1015 3327 1138 3382 ‘lubens'

124 3397 268 3452 3515111555
317 3396 1137 3466 34715555535015555155155555135155155155551

124 3485 174 3520 555
190 3467 329 3536 1555515513
384 3466 1136 3539 353315553535811155555555551555111151

123 3538 243 3592 fortasse
263 3537 440 3592 scribendum
461 3538 585 3594 1Η5551·
853 3584 860 3591 .
1057 3588 1061 3593 .
