<?xml version="1.0" encoding="UTF-8"?>
<!DOCTYPE html PUBLIC "-//W3C//DTD XHTML 1.0 Transitional//EN"
    "http://www.w3.org/TR/xhtml1/DTD/xhtml1-transitional.dtd">
<html xmlns="http://www.w3.org/1999/xhtml" xml:lang="en" lang="en">
 <head>
  <title>
</title>
<meta http-equiv="Content-Type" content="text/html;charset=utf-8" />
  <meta name='ocr-system' content='tesseract 3.04.00' />
  <meta name='ocr-capabilities' content='ocr_page ocr_carea ocr_par ocr_line ocrx_word'/>
</head>
<body>
  <div class='ocr_page' id='page_1' title='image "./grammaticiopera00virggoog_0292.png"; bbox 0 0 2354 3946; ppageno 0'>
   <div class='ocr_carea' id='block_1_1' title="bbox 345 215 1120 285">
    <p class='ocr_par' dir='ltr' id='par_1_1' title="bbox 345 215 1120 285">
     <span class='ocr_line' id='line_1_1' title="bbox 345 215 1120 285; baseline 0.01 -16"><span class='ocrx_word' id='word_1_1' title='bbox 345 215 377 269; x_wconf 87' lang='lat' dir='ltr'>V.</span> <span class='ocrx_word' id='word_1_2' title='bbox 407 215 560 272; x_wconf 84' lang='lat' dir='ltr'>CARMEN</span> <span class='ocrx_word' id='word_1_3' title='bbox 580 216 628 271; x_wconf 86' lang='lat' dir='ltr'>DE</span> <span class='ocrx_word' id='word_1_4' title='bbox 647 219 674 274; x_wconf 83' lang='lat' dir='ltr'>S.</span> <span class='ocrx_word' id='word_1_5' title='bbox 690 215 880 285; x_wconf 83' lang='lat' dir='ltr'><strong>QUINTINO.</strong></span> <span class='ocrx_word' id='word_1_6' title='bbox 1077 221 1120 285; x_wconf 84' lang='lat'>59</span> 
     </span>
    </p>
   </div>
   <div class='ocr_carea' id='block_1_2' title="bbox 51 378 1146 3028">
    <p class='ocr_par' dir='ltr' id='par_1_2' title="bbox 51 378 1146 1350">
     <span class='ocr_line' id='line_1_2' title="bbox 104 378 1146 447; baseline 0.002 -6"><span class='ocrx_word' id='word_1_7' title='bbox 104 378 300 442; x_wconf 84' lang='lat' dir='ltr'>Perveniens</span> <span class='ocrx_word' id='word_1_8' title='bbox 323 380 455 444; x_wconf 85' lang='lat' dir='ltr'>tandem</span> <span class='ocrx_word' id='word_1_9' title='bbox 478 378 634 446; x_wconf 80' lang='lat' dir='ltr'>Gentiani</span> <span class='ocrx_word' id='word_1_10' title='bbox 655 380 742 446; x_wconf 89' lang='lat' dir='ltr'>senis</span> <span class='ocrx_word' id='word_1_11' title='bbox 766 381 806 444; x_wconf 89' lang='lat' dir='ltr'>ad</span> <span class='ocrx_word' id='word_1_12' title='bbox 830 381 943 447; x_wconf 86' lang='lat' dir='ltr'>aedem</span> <span class='ocrx_word' id='word_1_13' title='bbox 1138 404 1146 443; x_wconf 79' lang='lat' dir='ltr'>r</span> 
     </span>
     <span class='ocr_line' id='line_1_3' title="bbox 51 465 1090 554; baseline 0.003 -23"><span class='ocrx_word' id='word_1_14' title='bbox 51 483 85 532; x_wconf 83' lang='grc' dir='ltr'>2ο</span> <span class='ocrx_word' id='word_1_15' title='bbox 107 465 148 531; x_wconf 81' lang='lat' dir='ltr'>Se</span> <span class='ocrx_word' id='word_1_16' title='bbox 172 472 303 531; x_wconf 92' lang='lat' dir='ltr'>nactum</span> <span class='ocrx_word' id='word_1_17' title='bbox 327 489 398 532; x_wconf 89' lang='lat' dir='ltr'>esse</span> <span class='ocrx_word' id='word_1_18' title='bbox 421 469 508 534; x_wconf 88' lang='lat' dir='ltr'>viros</span> <span class='ocrx_word' id='word_1_19' title='bbox 532 469 664 553; x_wconf 87' lang='lat' dir='ltr'>gaudet,</span> <span class='ocrx_word' id='word_1_20' title='bbox 687 491 768 554; x_wconf 90' lang='lat' dir='ltr'>quos</span> <span class='ocrx_word' id='word_1_21' title='bbox 793 491 948 553; x_wconf 83' lang='lat' dir='ltr'>quaerere</span> <span class='ocrx_word' id='word_1_22' title='bbox 971 491 1090 536; x_wconf 91' lang='lat' dir='ltr'>socors.</span> 
     </span>
     <span class='ocr_line' id='line_1_4' title="bbox 105 553 948 623; baseline 0.004 -4"><span class='ocrx_word' id='word_1_23' title='bbox 105 553 168 619; x_wconf 84' lang='lat' dir='ltr'>Sed</span> <span class='ocrx_word' id='word_1_24' title='bbox 191 557 300 621; x_wconf 92' lang='lat' dir='ltr'>senior</span> <span class='ocrx_word' id='word_1_25' title='bbox 322 557 455 620; x_wconf 88' lang='lat' dir='ltr'>flamma</span> <span class='ocrx_word' id='word_1_26' title='bbox 479 579 652 623; x_wconf 84' lang='lat' dir='ltr'>succensus</span> <span class='ocrx_word' id='word_1_27' title='bbox 676 557 797 622; x_wconf 88' lang='lat' dir='ltr'>amoris</span> <span class='ocrx_word' id='word_1_28' title='bbox 821 558 948 623; x_wconf 82' lang='lat' dir='ltr'>abunde</span> 
     </span>
     <span class='ocr_line' id='line_1_5' title="bbox 104 643 904 730; baseline 0.005 -23"><span class='ocrx_word' id='word_1_29' title='bbox 104 643 236 708; x_wconf 84' lang='lat' dir='ltr'>Exemit</span> <span class='ocrx_word' id='word_1_30' title='bbox 260 645 404 730; x_wconf 83' lang='lat' dir='ltr'><strong>gladium</strong></span> <span class='ocrx_word' id='word_1_31' title='bbox 429 648 538 710; x_wconf 92' lang='lat' dir='ltr'>nitens</span> <span class='ocrx_word' id='word_1_32' title='bbox 563 647 738 730; x_wconf 81' lang='lat' dir='ltr'>percellere</span> <span class='ocrx_word' id='word_1_33' title='bbox 761 649 904 711; x_wconf 89' lang='lat' dir='ltr'>taetrum</span> 
     </span>
     <span class='ocr_line' id='line_1_6' title="bbox 104 733 1073 821; baseline 0.005 -25"><span class='ocrx_word' id='word_1_34' title='bbox 104 733 322 798; x_wconf 88' lang='lat' dir='ltr'>Riciovarum.</span> <span class='ocrx_word' id='word_1_35' title='bbox 364 734 415 798; x_wconf 88' lang='lat' dir='ltr'>Ad</span> <span class='ocrx_word' id='word_1_36' title='bbox 439 757 535 818; x_wconf 90' lang='lat' dir='ltr'>quem</span> <span class='ocrx_word' id='word_1_37' title='bbox 559 757 690 821; x_wconf 82' lang='lat' dir='ltr'>praeses</span> <span class='ocrx_word' id='word_1_38' title='bbox 713 736 930 819; x_wconf 87' lang='lat' dir='ltr'>nequissimus</span> <span class='ocrx_word' id='word_1_39' title='bbox 954 735 1073 820; x_wconf 89' lang='lat' dir='ltr'>inquit:</span> 
     </span>
     <span class='ocr_line' id='line_1_7' title="bbox 104 819 913 907; baseline 0.006 -23"><span class='ocrx_word' id='word_1_40' title='bbox 104 819 294 907; x_wconf 64' lang='lat' dir='ltr'>‘Debueras</span> <span class='ocrx_word' id='word_1_41' title='bbox 317 823 456 904; x_wconf 82' lang='lat' dir='ltr'>vetulus,</span> <span class='ocrx_word' id='word_1_42' title='bbox 479 824 617 888; x_wconf 84' lang='lat' dir='ltr'>iuvenes</span> <span class='ocrx_word' id='word_1_43' title='bbox 636 847 655 888; x_wconf 91' lang='lat' dir='ltr'>a</span> <span class='ocrx_word' id='word_1_44' title='bbox 677 823 801 887; x_wconf 89' lang='lat' dir='ltr'>talibus</span> <span class='ocrx_word' id='word_1_45' title='bbox 825 825 913 889; x_wconf 91' lang='lat' dir='ltr'>ausis</span> 
     </span>
     <span class='ocr_line' id='line_1_8' title="bbox 51 908 880 995; baseline 0.005 -22"><span class='ocrx_word' id='word_1_46' title='bbox 51 926 83 974; x_wconf 77' lang='lat'>25</span> <span class='ocrx_word' id='word_1_47' title='bbox 104 908 274 995; x_wconf 75' lang='lat' dir='ltr'>Castigare</span> <span class='ocrx_word' id='word_1_48' title='bbox 299 915 332 975; x_wconf 90' lang='lat' dir='ltr'>et</span> <span class='ocrx_word' id='word_1_49' title='bbox 355 934 440 976; x_wconf 91' lang='lat' dir='ltr'>nunc</span> <span class='ocrx_word' id='word_1_50' title='bbox 462 911 596 977; x_wconf 82' lang='lat' dir='ltr'>iuvenili</span> <span class='ocrx_word' id='word_1_51' title='bbox 620 915 727 977; x_wconf 84' lang='lat' dir='ltr'>aetate</span> <span class='ocrx_word' id='word_1_52' title='bbox 750 913 880 977; x_wconf 89' lang='lat' dir='ltr'>teneris.</span> 
     </span>
     <span class='ocr_line' id='line_1_9' title="bbox 103 998 973 1086; baseline 0.006 -25"><span class='ocrx_word' id='word_1_53' title='bbox 103 998 170 1062; x_wconf 85' lang='lat' dir='ltr'>Ah!</span> <span class='ocrx_word' id='word_1_54' title='bbox 196 1000 386 1064; x_wconf 90' lang='lat' dir='ltr'>moribunde</span> <span class='ocrx_word' id='word_1_55' title='bbox 410 1022 521 1083; x_wconf 87' lang='lat' dir='ltr'>senex,</span> <span class='ocrx_word' id='word_1_56' title='bbox 544 1022 627 1084; x_wconf 86' lang='lat' dir='ltr'>quae</span> <span class='ocrx_word' id='word_1_57' title='bbox 650 1005 682 1065; x_wconf 89' lang='lat' dir='ltr'>te</span> <span class='ocrx_word' id='word_1_58' title='bbox 705 1001 839 1067; x_wconf 86' lang='lat' dir='ltr'>vesania</span> <span class='ocrx_word' id='word_1_59' title='bbox 862 1001 973 1086; x_wconf 76' lang='lat' dir='ltr'>cepit?</span> 
     </span>
     <span class='ocr_line' id='line_1_10' title="bbox 104 1085 957 1174; baseline 0.006 -25"><span class='ocrx_word' id='word_1_60' title='bbox 104 1085 169 1149; x_wconf 91' lang='lat' dir='ltr'>Cur</span> <span class='ocrx_word' id='word_1_61' title='bbox 192 1091 322 1151; x_wconf 90' lang='lat' dir='ltr'>tantum</span> <span class='ocrx_word' id='word_1_62' title='bbox 344 1093 475 1170; x_wconf 89' lang='lat' dir='ltr'>patrare</span> <span class='ocrx_word' id='word_1_63' title='bbox 498 1089 601 1174; x_wconf 71' lang='lat' dir='ltr'>melas,-</span> <span class='ocrx_word' id='word_1_64' title='bbox 624 1089 765 1174; x_wconf 88' lang='lat' dir='ltr'>demens,</span> <span class='ocrx_word' id='word_1_65' title='bbox 788 1088 957 1154; x_wconf 72' lang='lat' dir='ltr'>voluistit&#39;</span> 
     </span>
     <span class='ocr_line' id='line_1_11' title="bbox 103 1173 978 1259; baseline 0.006 -21"><span class='ocrx_word' id='word_1_66' title='bbox 103 1173 155 1239; x_wconf 81' lang='lat' dir='ltr'>Sic</span> <span class='ocrx_word' id='word_1_67' title='bbox 179 1198 310 1259; x_wconf 87' lang='lat' dir='ltr'>praeses</span> <span class='ocrx_word' id='word_1_68' title='bbox 335 1198 460 1243; x_wconf 87' lang='lat' dir='ltr'>saevus.</span> <span class='ocrx_word' id='word_1_69' title='bbox 497 1176 620 1244; x_wconf 80' lang='lat' dir='ltr'>Contra</span> <span class='ocrx_word' id='word_1_70' title='bbox 644 1179 690 1243; x_wconf 89' lang='lat' dir='ltr'>sic</span> <span class='ocrx_word' id='word_1_71' title='bbox 712 1178 804 1242; x_wconf 93' lang='lat' dir='ltr'>miles</span> <span class='ocrx_word' id='word_1_72' title='bbox 829 1178 978 1243; x_wconf 86' lang='lat' dir='ltr'>adorsus:</span> 
     </span>
     <span class='ocr_line' id='line_1_12' title="bbox 103 1261 1010 1350; baseline 0.006 -23"><span class='ocrx_word' id='word_1_73' title='bbox 103 1261 192 1327; x_wconf 71' lang='lat' dir='ltr'>‘Non</span> <span class='ocrx_word' id='word_1_74' title='bbox 215 1265 301 1348; x_wconf 88' lang='lat' dir='ltr'>cepit</span> <span class='ocrx_word' id='word_1_75' title='bbox 322 1268 485 1348; x_wconf 87' lang='lat' dir='ltr'>nostram,</span> <span class='ocrx_word' id='word_1_76' title='bbox 509 1267 680 1350; x_wconf 75' lang='lat' dir='ltr'>praefecte,</span> <span class='ocrx_word' id='word_1_77' title='bbox 702 1266 831 1331; x_wconf 89' lang='lat' dir='ltr'>insania</span> <span class='ocrx_word' id='word_1_78' title='bbox 854 1272 1010 1350; x_wconf 90' lang='lat' dir='ltr'>mentem,</span> 
     </span>
    </p>

    <p class='ocr_par' dir='ltr' id='par_1_3' title="bbox 51 1348 1043 1705">
     <span class='ocr_line' id='line_1_13' title="bbox 51 1348 1028 1441; baseline 0.005 -26"><span class='ocrx_word' id='word_1_79' title='bbox 51 1368 82 1416; x_wconf 82' lang='lat'>30</span> <span class='ocrx_word' id='word_1_80' title='bbox 103 1348 164 1415; x_wconf 84' lang='lat' dir='ltr'>Sed</span> <span class='ocrx_word' id='word_1_81' title='bbox 189 1351 311 1417; x_wconf 79' lang='lat' dir='ltr'>Christi</span> <span class='ocrx_word' id='word_1_82' title='bbox 335 1355 502 1438; x_wconf 83' lang='lat' dir='ltr'>compellit</span> <span class='ocrx_word' id='word_1_83' title='bbox 526 1377 629 1441; x_wconf 83' lang='lat' dir='ltr'>amor,</span> <span class='ocrx_word' id='word_1_84' title='bbox 652 1378 748 1440; x_wconf 92' lang='lat' dir='ltr'>quem</span> <span class='ocrx_word' id='word_1_85' title='bbox 772 1355 867 1420; x_wconf 89' lang='lat' dir='ltr'>eorde</span> <span class='ocrx_word' id='word_1_86' title='bbox 889 1355 1028 1439; x_wconf 81' lang='lat' dir='ltr'>fatebor,</span> 
     </span>
     <span class='ocr_line' id='line_1_14' title="bbox 101 1438 992 1528; baseline 0.007 -26"><span class='ocrx_word' id='word_1_87' title='bbox 101 1438 187 1503; x_wconf 91' lang='lat' dir='ltr'>Dum</span> <span class='ocrx_word' id='word_1_88' title='bbox 211 1464 336 1507; x_wconf 90' lang='lat' dir='ltr'>memor</span> <span class='ocrx_word' id='word_1_89' title='bbox 358 1442 429 1525; x_wconf 89' lang='lat' dir='ltr'>ipse</span> <span class='ocrx_word' id='word_1_90' title='bbox 453 1444 518 1508; x_wconf 90' lang='lat' dir='ltr'>mei</span> <span class='ocrx_word' id='word_1_91' title='bbox 539 1443 642 1528; x_wconf 84' lang='lat' dir='ltr'>fuero,</span> <span class='ocrx_word' id='word_1_92' title='bbox 664 1466 724 1528; x_wconf 90' lang='lat' dir='ltr'>pro</span> <span class='ocrx_word' id='word_1_93' title='bbox 747 1443 879 1508; x_wconf 90' lang='lat' dir='ltr'>nomine</span> <span class='ocrx_word' id='word_1_94' title='bbox 903 1445 992 1509; x_wconf 84' lang='lat' dir='ltr'>cuius</span> 
     </span>
     <span class='ocr_line' id='line_1_15' title="bbox 101 1527 1043 1615; baseline 0.005 -24"><span class='ocrx_word' id='word_1_95' title='bbox 101 1527 226 1593; x_wconf 89' lang='lat' dir='ltr'>Ponere</span> <span class='ocrx_word' id='word_1_96' title='bbox 250 1553 310 1595; x_wconf 91' lang='lat' dir='ltr'>nec</span> <span class='ocrx_word' id='word_1_97' title='bbox 333 1531 476 1595; x_wconf 89' lang='lat' dir='ltr'>animam</span> <span class='ocrx_word' id='word_1_98' title='bbox 499 1532 612 1597; x_wconf 91' lang='lat' dir='ltr'>dubito</span> <span class='ocrx_word' id='word_1_99' title='bbox 635 1553 739 1615; x_wconf 89' lang='lat' dir='ltr'>neque</span> <span class='ocrx_word' id='word_1_100' title='bbox 763 1531 907 1615; x_wconf 92' lang='lat' dir='ltr'>corporis</span> <span class='ocrx_word' id='word_1_101' title='bbox 932 1530 1043 1596; x_wconf 70' lang='lat' dir='ltr'>artus?</span> 
     </span>
     <span class='ocr_line' id='line_1_16' title="bbox 101 1616 965 1705; baseline 0.001 -24"><span class='ocrx_word' id='word_1_102' title='bbox 101 1616 153 1681; x_wconf 81' lang='lat' dir='ltr'>Ad</span> <span class='ocrx_word' id='word_1_103' title='bbox 176 1640 272 1701; x_wconf 90' lang='lat' dir='ltr'>quem</span> <span class='ocrx_word' id='word_1_104' title='bbox 295 1619 479 1704; x_wconf 88' lang='lat' dir='ltr'>praefectus</span> <span class='ocrx_word' id='word_1_105' title='bbox 502 1642 607 1704; x_wconf 88' lang='lat' dir='ltr'>pauco</span> <span class='ocrx_word' id='word_1_106' title='bbox 631 1642 779 1686; x_wconf 90' lang='lat' dir='ltr'>sermone</span> <span class='ocrx_word' id='word_1_107' title='bbox 802 1619 965 1705; x_wconf 85' lang='lat' dir='ltr'>profatur:</span> 
     </span>
    </p>

    <p class='ocr_par' dir='ltr' id='par_1_4' title="bbox 102 1704 1012 1795">
     <span class='ocr_line' id='line_1_17' title="bbox 102 1704 1012 1795; baseline 0.004 -27"><span class='ocrx_word' id='word_1_108' title='bbox 102 1704 183 1770; x_wconf 79' lang='lat' dir='ltr'>‘Iam</span> <span class='ocrx_word' id='word_1_109' title='bbox 206 1729 361 1790; x_wconf 88' lang='lat' dir='ltr'>praesens</span> <span class='ocrx_word' id='word_1_110' title='bbox 384 1708 496 1795; x_wconf 76' lang='lat' dir='ltr'>taedet</span> <span class='ocrx_word' id='word_1_111' title='bbox 518 1709 581 1774; x_wconf 91' lang='lat' dir='ltr'>tibi</span> <span class='ocrx_word' id='word_1_112' title='bbox 602 1709 672 1774; x_wconf 80' lang='lat' dir='ltr'>vita</span> <span class='ocrx_word' id='word_1_113' title='bbox 694 1708 830 1792; x_wconf 90' lang='lat' dir='ltr'>ideoque</span> <span class='ocrx_word' id='word_1_114' title='bbox 854 1709 1012 1792; x_wconf 87' lang='lat' dir='ltr'>superbis.</span> 
     </span>
    </p>

    <p class='ocr_par' dir='ltr' id='par_1_5' title="bbox 51 1793 984 1882">
     <span class='ocr_line' id='line_1_18' title="bbox 51 1793 984 1882; baseline 0.002 -24"><span class='ocrx_word' id='word_1_115' title='bbox 51 1811 81 1858; x_wconf 80' lang='grc'>35</span> <span class='ocrx_word' id='word_1_116' title='bbox 100 1793 267 1879; x_wconf 85' lang='lat' dir='ltr'>Efficiam,</span> <span class='ocrx_word' id='word_1_117' title='bbox 289 1798 428 1879; x_wconf 90' lang='lat' dir='ltr'>posthac</span> <span class='ocrx_word' id='word_1_118' title='bbox 450 1819 491 1861; x_wconf 90' lang='lat' dir='ltr'>ne</span> <span class='ocrx_word' id='word_1_119' title='bbox 516 1819 709 1882; x_wconf 89' lang='lat' dir='ltr'>quemquam</span> <span class='ocrx_word' id='word_1_120' title='bbox 733 1811 813 1862; x_wconf 81' lang='lat' dir='ltr'>roo&#39;e</span> <span class='ocrx_word' id='word_1_121' title='bbox 835 1796 984 1861; x_wconf 88' lang='lat' dir='ltr'>lacessas.</span> 
     </span>
    </p>

    <p class='ocr_par' dir='ltr' id='par_1_6' title="bbox 99 1882 996 2058">
     <span class='ocr_line' id='line_1_19' title="bbox 99 1882 996 1972; baseline 0.002 -25"><span class='ocrx_word' id='word_1_122' title='bbox 99 1882 195 1948; x_wconf 91' lang='lat' dir='ltr'>Nunc</span> <span class='ocrx_word' id='word_1_123' title='bbox 218 1891 330 1949; x_wconf 91' lang='lat' dir='ltr'>noster</span> <span class='ocrx_word' id='word_1_124' title='bbox 354 1885 483 1972; x_wconf 81' lang='lat' dir='ltr'>gladius</span> <span class='ocrx_word' id='word_1_125' title='bbox 506 1888 628 1950; x_wconf 91' lang='lat' dir='ltr'>collum</span> <span class='ocrx_word' id='word_1_126' title='bbox 650 1889 856 1970; x_wconf 87' lang='lat' dir='ltr'>pertranseat</span> <span class='ocrx_word' id='word_1_127' title='bbox 878 1884 996 1962; x_wconf 68' lang='lat' dir='ltr'>huius?</span> 
     </span>
     <span class='ocr_line' id='line_1_20' title="bbox 99 1971 904 2058; baseline 0.004 -23"><span class='ocrx_word' id='word_1_128' title='bbox 99 1971 219 2036; x_wconf 89' lang='lat' dir='ltr'>Lactea</span> <span class='ocrx_word' id='word_1_129' title='bbox 242 1974 376 2038; x_wconf 88' lang='lat' dir='ltr'>canities</span> <span class='ocrx_word' id='word_1_130' title='bbox 399 1979 471 2040; x_wconf 91' lang='lat' dir='ltr'>tum</span> <span class='ocrx_word' id='word_1_131' title='bbox 495 1996 629 2058; x_wconf 92' lang='lat' dir='ltr'>corpore</span> <span class='ocrx_word' id='word_1_132' title='bbox 652 1975 785 2038; x_wconf 84' lang='lat' dir='ltr'>vellitur</span> <span class='ocrx_word' id='word_1_133' title='bbox 808 1973 904 2038; x_wconf 92' lang='lat' dir='ltr'>almo.</span> 
     </span>
    </p>

    <p class='ocr_par' dir='ltr' id='par_1_7' title="bbox 99 2059 895 2234">
     <span class='ocr_line' id='line_1_21' title="bbox 100 2059 895 2146; baseline 0.001 -21"><span class='ocrx_word' id='word_1_134' title='bbox 100 2059 161 2125; x_wconf 91' lang='lat' dir='ltr'>Cui</span> <span class='ocrx_word' id='word_1_135' title='bbox 184 2083 241 2124; x_wconf 84' lang='lat' dir='ltr'>rex</span> <span class='ocrx_word' id='word_1_136' title='bbox 264 2063 406 2127; x_wconf 88' lang='lat' dir='ltr'>aetherei</span> <span class='ocrx_word' id='word_1_137' title='bbox 430 2065 545 2127; x_wconf 91' lang='lat' dir='ltr'>statim</span> <span class='ocrx_word' id='word_1_138' title='bbox 568 2063 614 2128; x_wconf 91' lang='lat' dir='ltr'>sic</span> <span class='ocrx_word' id='word_1_139' title='bbox 637 2063 726 2126; x_wconf 85' lang='lat' dir='ltr'>fatur</span> <span class='ocrx_word' id='word_1_140' title='bbox 749 2062 895 2146; x_wconf 89' lang='lat' dir='ltr'>Olympi:</span> 
     </span>
     <span class='ocr_line' id='line_1_22' title="bbox 99 2147 857 2234; baseline 0.005 -23"><span class='ocrx_word' id='word_1_141' title='bbox 99 2147 281 2233; x_wconf 67' lang='lat' dir='ltr'>‘Gentiana</span> <span class='ocrx_word' id='word_1_142' title='bbox 303 2152 390 2233; x_wconf 86' lang='lat' dir='ltr'>veni,</span> <span class='ocrx_word' id='word_1_143' title='bbox 414 2151 529 2216; x_wconf 89' lang='lat' dir='ltr'>ditaris</span> <span class='ocrx_word' id='word_1_144' title='bbox 553 2151 676 2216; x_wconf 89' lang='lat' dir='ltr'>honore</span> <span class='ocrx_word' id='word_1_145' title='bbox 698 2150 857 2234; x_wconf 85' lang='lat' dir='ltr'>triumphi</span> 
     </span>
    </p>

    <p class='ocr_par' dir='ltr' id='par_1_8' title="bbox 51 2237 1015 2325">
     <span class='ocr_line' id='line_1_23' title="bbox 51 2237 1015 2325; baseline 0.002 -25"><span class='ocrx_word' id='word_1_146' title='bbox 51 2252 79 2301; x_wconf 68' lang='grc' dir='ltr'>ιο</span> <span class='ocrx_word' id='word_1_147' title='bbox 98 2237 234 2302; x_wconf 90' lang='lat' dir='ltr'>Iunctus</span> <span class='ocrx_word' id='word_1_148' title='bbox 258 2239 432 2322; x_wconf 87' lang='lat' dir='ltr'>caelicolis,</span> <span class='ocrx_word' id='word_1_149' title='bbox 454 2241 672 2304; x_wconf 89' lang='lat' dir='ltr'>numerandus</span> <span class='ocrx_word' id='word_1_150' title='bbox 695 2240 730 2305; x_wconf 91' lang='lat' dir='ltr'>in</span> <span class='ocrx_word' id='word_1_151' title='bbox 753 2241 884 2325; x_wconf 83' lang='lat' dir='ltr'>agmine</span> <span class='ocrx_word' id='word_1_152' title='bbox 907 2237 1015 2324; x_wconf 66' lang='lat' dir='ltr'>regis?</span> 
     </span>
    </p>

    <p class='ocr_par' dir='ltr' id='par_1_9' title="bbox 98 2323 1146 2591">
     <span class='ocr_line' id='line_1_24' title="bbox 99 2323 1146 2414; baseline 0.003 -25"><span class='ocrx_word' id='word_1_153' title='bbox 99 2323 152 2389; x_wconf 82' lang='lat' dir='ltr'>Sic</span> <span class='ocrx_word' id='word_1_154' title='bbox 176 2325 355 2392; x_wconf 80' lang='lat' dir='ltr'>Gentianus</span> <span class='ocrx_word' id='word_1_155' title='bbox 379 2350 531 2413; x_wconf 86' lang='lat' dir='ltr'>superam</span> <span class='ocrx_word' id='word_1_156' title='bbox 555 2328 710 2414; x_wconf 88' lang='lat' dir='ltr'>migravit</span> <span class='ocrx_word' id='word_1_157' title='bbox 733 2329 773 2392; x_wconf 90' lang='lat' dir='ltr'>ad</span> <span class='ocrx_word' id='word_1_158' title='bbox 797 2329 906 2393; x_wconf 88' lang='lat' dir='ltr'>aulam</span> <span class='ocrx_word' id='word_1_159' title='bbox 1130 2347 1146 2386; x_wconf 78' lang='lat' dir='ltr'>r.</span> 
     </span>
     <span class='ocr_line' id='line_1_25' title="bbox 98 2411 995 2503; baseline 0.006 -27"><span class='ocrx_word' id='word_1_160' title='bbox 98 2411 263 2499; x_wconf 85' lang='lat' dir='ltr'>Sanguine</span> <span class='ocrx_word' id='word_1_161' title='bbox 286 2415 445 2499; x_wconf 87' lang='lat' dir='ltr'>perfusus,</span> <span class='ocrx_word' id='word_1_162' title='bbox 468 2418 625 2501; x_wconf 91' lang='lat' dir='ltr'>baptismi</span> <span class='ocrx_word' id='word_1_163' title='bbox 648 2418 812 2503; x_wconf 83' lang='lat' dir='ltr'>agalmate</span> <span class='ocrx_word' id='word_1_164' title='bbox 836 2419 995 2502; x_wconf 89' lang='lat' dir='ltr'>comptus.</span> 
     </span>
     <span class='ocr_line' id='line_1_26' title="bbox 98 2499 870 2591; baseline 0.001 -24"><span class='ocrx_word' id='word_1_165' title='bbox 98 2499 261 2568; x_wconf 89' lang='lat' dir='ltr'>Continuo</span> <span class='ocrx_word' id='word_1_166' title='bbox 285 2505 401 2588; x_wconf 83' lang='lat' dir='ltr'>laetus,</span> <span class='ocrx_word' id='word_1_167' title='bbox 424 2505 510 2570; x_wconf 90' lang='lat' dir='ltr'>sicut</span> <span class='ocrx_word' id='word_1_168' title='bbox 532 2504 588 2588; x_wconf 92' lang='lat' dir='ltr'>qui</span> <span class='ocrx_word' id='word_1_169' title='bbox 611 2506 678 2570; x_wconf 91' lang='lat' dir='ltr'>tale</span> <span class='ocrx_word' id='word_1_170' title='bbox 701 2510 870 2591; x_wconf 89' lang='lat' dir='ltr'>tropaeum</span> 
     </span>
    </p>

    <p class='ocr_par' dir='ltr' id='par_1_10' title="bbox 98 2590 867 2676">
     <span class='ocr_line' id='line_1_27' title="bbox 98 2590 867 2676; baseline 0.005 -23"><span class='ocrx_word' id='word_1_171' title='bbox 98 2590 266 2676; x_wconf 81' lang='lat' dir='ltr'>Explevit‚</span> <span class='ocrx_word' id='word_1_172' title='bbox 290 2593 378 2657; x_wconf 88' lang='lat' dir='ltr'>celsa</span> <span class='ocrx_word' id='word_1_173' title='bbox 400 2595 604 2658; x_wconf 87' lang='lat' dir='ltr'>truculentus</span> <span class='ocrx_word' id='word_1_174' title='bbox 627 2595 714 2658; x_wconf 86' lang='lat' dir='ltr'>fasce</span> <span class='ocrx_word' id='word_1_175' title='bbox 736 2593 867 2657; x_wconf 87' lang='lat' dir='ltr'>resedit.</span> 
     </span>
    </p>

    <p class='ocr_par' dir='ltr' id='par_1_11' title="bbox 51 2678 1026 2767">
     <span class='ocr_line' id='line_1_28' title="bbox 51 2678 1026 2767; baseline 0.004 -25"><span class='ocrx_word' id='word_1_176' title='bbox 51 2694 79 2743; x_wconf 70' lang='lat'>25</span> <span class='ocrx_word' id='word_1_177' title='bbox 98 2678 184 2744; x_wconf 91' lang='lat' dir='ltr'>Hinc</span> <span class='ocrx_word' id='word_1_178' title='bbox 208 2681 344 2745; x_wconf 89' lang='lat' dir='ltr'>comites</span> <span class='ocrx_word' id='word_1_179' title='bbox 367 2681 495 2765; x_wconf 87' lang='lat' dir='ltr'>iamque</span> <span class='ocrx_word' id='word_1_180' title='bbox 519 2683 626 2746; x_wconf 92' lang='lat' dir='ltr'>omnis</span> <span class='ocrx_word' id='word_1_181' title='bbox 650 2703 722 2745; x_wconf 89' lang='lat' dir='ltr'>eum</span> <span class='ocrx_word' id='word_1_182' title='bbox 745 2681 869 2766; x_wconf 88' lang='lat' dir='ltr'>stipata</span> <span class='ocrx_word' id='word_1_183' title='bbox 891 2682 1026 2767; x_wconf 84' lang='lat' dir='ltr'>tegebat</span> 
     </span>
    </p>

    <p class='ocr_par' dir='ltr' id='par_1_12' title="bbox 60 2767 1060 2944">
     <span class='ocr_line' id='line_1_29' title="bbox 60 2767 1060 2854; baseline 0.003 -23"><span class='ocrx_word' id='word_1_184' title='bbox 60 2811 62 2815; x_wconf 92' lang='lat'>-</span> <span class='ocrx_word' id='word_1_185' title='bbox 97 2767 207 2839; x_wconf 84' lang='lat' dir='ltr'>Turba</span> <span class='ocrx_word' id='word_1_186' title='bbox 230 2769 356 2834; x_wconf 90' lang='lat' dir='ltr'>ducum.</span> <span class='ocrx_word' id='word_1_187' title='bbox 397 2769 602 2854; x_wconf 85' lang='lat' dir='ltr'>Alloquitur:</span> <span class='ocrx_word' id='word_1_188' title='bbox 626 2769 769 2834; x_wconf 74' lang='lat' dir='ltr'>‘Nostris</span> <span class='ocrx_word' id='word_1_189' title='bbox 793 2769 974 2853; x_wconf 84' lang='lat' dir='ltr'>obtutibus,</span> <span class='ocrx_word' id='word_1_190' title='bbox 998 2771 1060 2834; x_wconf 84' lang='lat' dir='ltr'>eia!</span> 
     </span>
     <span class='ocr_line' id='line_1_30' title="bbox 97 2856 979 2944; baseline 0.001 -24"><span class='ocrx_word' id='word_1_191' title='bbox 97 2856 215 2920; x_wconf 87' lang='lat' dir='ltr'>Assint</span> <span class='ocrx_word' id='word_1_192' title='bbox 238 2857 391 2944; x_wconf 90' lang='lat' dir='ltr'>sacrilegi</span> <span class='ocrx_word' id='word_1_193' title='bbox 413 2859 564 2923; x_wconf 89' lang='lat' dir='ltr'>manibus</span> <span class='ocrx_word' id='word_1_194' title='bbox 587 2861 663 2942; x_wconf 88' lang='lat' dir='ltr'>post</span> <span class='ocrx_word' id='word_1_195' title='bbox 685 2861 781 2941; x_wconf 84' lang='lat' dir='ltr'>terga</span> <span class='ocrx_word' id='word_1_196' title='bbox 802 2856 979 2923; x_wconf 71' lang='lat' dir='ltr'>revinctis?</span> 
     </span>
    </p>

    <p class='ocr_par' dir='ltr' id='par_1_13' title="bbox 97 2944 1111 3028">
     <span class='ocr_line' id='line_1_31' title="bbox 97 2944 1111 3028; baseline 0.003 -20"><span class='ocrx_word' id='word_1_197' title='bbox 97 2944 188 3010; x_wconf 86' lang='lat' dir='ltr'>Haec</span> <span class='ocrx_word' id='word_1_198' title='bbox 212 2967 395 3012; x_wconf 88' lang='lat' dir='ltr'>memorans</span> <span class='ocrx_word' id='word_1_199' title='bbox 419 2947 527 3012; x_wconf 89' lang='lat' dir='ltr'>animo</span> <span class='ocrx_word' id='word_1_200' title='bbox 551 2969 637 3012; x_wconf 89' lang='lat' dir='ltr'>nunc</span> <span class='ocrx_word' id='word_1_201' title='bbox 659 2945 735 3028; x_wconf 88' lang='lat' dir='ltr'>huc,</span> <span class='ocrx_word' id='word_1_202' title='bbox 757 2967 844 3010; x_wconf 92' lang='lat' dir='ltr'>nunc</span> <span class='ocrx_word' id='word_1_203' title='bbox 865 2946 1003 3010; x_wconf 88' lang='lat' dir='ltr'>fluctuat</span> <span class='ocrx_word' id='word_1_204' title='bbox 1024 2946 1111 3011; x_wconf 87' lang='lat' dir='ltr'>illuc.</span> 
     </span>
    </p>
   </div>
   <div class='ocr_carea' id='block_1_3' title="bbox 94 3084 1146 3636">
    <p class='ocr_par' dir='ltr' id='par_1_14' title="bbox 94 3084 1146 3636">
     <span class='ocr_line' id='line_1_32' title="bbox 169 3084 1109 3154; baseline -0.001 -16"><span class='ocrx_word' id='word_1_205' title='bbox 169 3091 221 3138; x_wconf 85' lang='grc'>219</span> <span class='ocrx_word' id='word_1_206' title='bbox 237 3085 405 3140; x_wconf 78' lang='lat' dir='ltr'>‘scnisedem&#39;</span> <span class='ocrx_word' id='word_1_207' title='bbox 462 3091 514 3140; x_wconf 88' lang='grc'>220</span> <span class='ocrx_word' id='word_1_208' title='bbox 530 3085 695 3140; x_wconf 73' lang='lat' dir='ltr'>‘Semelam&#39;</span> <span class='ocrx_word' id='word_1_209' title='bbox 717 3084 856 3154; x_wconf 70' lang='lat' dir='ltr'>‘querere’</span> <span class='ocrx_word' id='word_1_210' title='bbox 912 3086 965 3137; x_wconf 91' lang='grc'>222</span> <span class='ocrx_word' id='word_1_211' title='bbox 982 3084 1109 3138; x_wconf 86' lang='lat' dir='ltr'>‘tetrum’</span> 
     </span>
     <span class='ocr_line' id='line_1_33' title="bbox 97 3154 1111 3228; baseline 0 -20"><span class='ocrx_word' id='word_1_212' title='bbox 97 3161 150 3209; x_wconf 87' lang='grc'>223</span> <span class='ocrx_word' id='word_1_213' title='bbox 167 3155 386 3228; x_wconf 82' lang='lat' dir='ltr'>‘Riceicvarum’</span> <span class='ocrx_word' id='word_1_214' title='bbox 410 3155 526 3226; x_wconf 78' lang='lat' dir='ltr'>‘preses&#39;</span> <span class='ocrx_word' id='word_1_215' title='bbox 583 3162 635 3211; x_wconf 86' lang='grc'>226</span> <span class='ocrx_word' id='word_1_216' title='bbox 651 3155 760 3224; x_wconf 78' lang='lat' dir='ltr'>‘coepit&#39;</span> <span class='ocrx_word' id='word_1_217' title='bbox 772 3217 791 3228; x_wconf 11' lang='lat' dir='ltr'>A,</span> <span class='ocrx_word' id='word_1_218' title='bbox 817 3158 869 3207; x_wconf 82' lang='grc'>228</span> <span class='ocrx_word' id='word_1_219' title='bbox 886 3154 1003 3224; x_wconf 82' lang='lat' dir='ltr'>‘preses&#39;</span> <span class='ocrx_word' id='word_1_220' title='bbox 1058 3160 1111 3209; x_wconf 88' lang='grc'>229</span> 
     </span>
     <span class='ocr_line' id='line_1_34' title="bbox 99 3225 1110 3296; baseline 0 -17"><span class='ocrx_word' id='word_1_221' title='bbox 99 3227 209 3294; x_wconf 78' lang='lat' dir='ltr'>‘coepit’</span> <span class='ocrx_word' id='word_1_222' title='bbox 241 3225 389 3295; x_wconf 79' lang='lat' dir='ltr'>‘prefecto&#39;</span> <span class='ocrx_word' id='word_1_223' title='bbox 468 3232 520 3281; x_wconf 91' lang='grc'>233</span> <span class='ocrx_word' id='word_1_224' title='bbox 546 3226 728 3296; x_wconf 49' lang='grc' dir='ltr'>*ρτθίεοτιιεῖ</span> <span class='ocrx_word' id='word_1_225' title='bbox 789 3230 841 3279; x_wconf 77' lang='grc'>234</span> <span class='ocrx_word' id='word_1_226' title='bbox 867 3225 992 3295; x_wconf 79' lang='lat' dir='ltr'>‘presens</span> <span class='ocrx_word' id='word_1_227' title='bbox 1019 3225 1110 3279; x_wconf 88' lang='lat' dir='ltr'>tedet&#39;</span> 
     </span>
     <span class='ocr_line' id='line_1_35' title="bbox 97 3295 1110 3366; baseline 0.001 -17"><span class='ocrx_word' id='word_1_228' title='bbox 97 3303 149 3352; x_wconf 78' lang='grc'>237</span> <span class='ocrx_word' id='word_1_229' title='bbox 171 3297 254 3350; x_wconf 78' lang='lat' dir='ltr'>‘tum&#39;</span> <span class='ocrx_word' id='word_1_230' title='bbox 275 3297 304 3352; x_wconf 94' lang='lat' dir='ltr'>in</span> <span class='ocrx_word' id='word_1_231' title='bbox 327 3313 424 3351; x_wconf 82' lang='lat' dir='ltr'>rasura</span> <span class='ocrx_word' id='word_1_232' title='bbox 445 3297 481 3352; x_wconf 92' lang='lat' dir='ltr'>cb</span> <span class='ocrx_word' id='word_1_233' title='bbox 501 3314 619 3366; x_wconf 86' lang='lat' dir='ltr'>eamque</span> <span class='ocrx_word' id='word_1_234' title='bbox 639 3314 753 3352; x_wconf 83' lang='lat' dir='ltr'>causam</span> <span class='ocrx_word' id='word_1_235' title='bbox 777 3295 868 3350; x_wconf 86' lang='lat' dir='ltr'>minus</span> <span class='ocrx_word' id='word_1_236' title='bbox 888 3295 994 3351; x_wconf 86' lang='lat' dir='ltr'>clarum</span> <span class='ocrx_word' id='word_1_237' title='bbox 1057 3300 1110 3350; x_wconf 87' lang='grc'>238</span> 
     </span>
     <span class='ocr_line' id='line_1_36' title="bbox 98 3365 1112 3438; baseline -0.004 -15"><span class='ocrx_word' id='word_1_238' title='bbox 98 3367 240 3436; x_wconf 86' lang='lat' dir='ltr'>‘olimphi’</span> <span class='ocrx_word' id='word_1_239' title='bbox 288 3375 340 3423; x_wconf 86' lang='grc'>239</span> <span class='ocrx_word' id='word_1_240' title='bbox 356 3368 483 3423; x_wconf 75' lang='lat' dir='ltr'>‘dito’...</span> <span class='ocrx_word' id='word_1_241' title='bbox 530 3373 582 3423; x_wconf 85' lang='grc'>243</span> <span class='ocrx_word' id='word_1_242' title='bbox 598 3367 770 3438; x_wconf 71' lang='lat' dir='ltr'>‘tropheum&#39;</span> <span class='ocrx_word' id='word_1_243' title='bbox 821 3371 1022 3434; x_wconf 64' lang='lat' dir='ltr'>marc-261</span> <span class='ocrx_word' id='word_1_244' title='bbox 1038 3365 1112 3420; x_wconf 78' lang='lat' dir='ltr'>diffi-</span> 
     </span>
     <span class='ocr_line' id='line_1_37' title="bbox 96 3435 1111 3508; baseline 0 -17"><span class='ocrx_word' id='word_1_245' title='bbox 96 3438 209 3493; x_wconf 87' lang='lat' dir='ltr'>ciliores</span> <span class='ocrx_word' id='word_1_246' title='bbox 233 3440 298 3493; x_wconf 88' lang='lat' dir='ltr'>sunt</span> <span class='ocrx_word' id='word_1_247' title='bbox 320 3439 408 3507; x_wconf 83' lang='lat' dir='ltr'>lectu,</span> <span class='ocrx_word' id='word_1_248' title='bbox 437 3439 512 3508; x_wconf 90' lang='lat' dir='ltr'>quod</span> <span class='ocrx_word' id='word_1_249' title='bbox 539 3439 639 3493; x_wconf 84' lang='lat' dir='ltr'>folium</span> <span class='ocrx_word' id='word_1_250' title='bbox 663 3437 805 3493; x_wconf 79' lang='lat' dir='ltr'>exciderat</span> <span class='ocrx_word' id='word_1_251' title='bbox 828 3439 859 3492; x_wconf 92' lang='lat' dir='ltr'>et</span> <span class='ocrx_word' id='word_1_252' title='bbox 880 3438 980 3507; x_wconf 80' lang='lat' dir='ltr'>postea</span> <span class='ocrx_word' id='word_1_253' title='bbox 1002 3435 1111 3506; x_wconf 84' lang='lat' dir='ltr'>glutine</span> 
     </span>
     <span class='ocr_line' id='line_1_38' title="bbox 94 3508 1146 3635; baseline -0.003 -73"><span class='ocrx_word' id='word_1_254' title='bbox 94 3508 238 3635; x_wconf 70' lang='lat' dir='ltr'>inserl²p1nnt</span> <span class='ocrx_word' id='word_1_255' title='bbox 253 3511 303 3577; x_wconf 85' lang='lat' dir='ltr'>est,</span> <span class='ocrx_word' id='word_1_256' title='bbox 321 3512 355 3564; x_wconf 88' lang='lat' dir='ltr'>nt</span> <span class='ocrx_word' id='word_1_257' title='bbox 373 3510 485 3565; x_wconf 80' lang='lat' dir='ltr'>litterae</span> <span class='ocrx_word' id='word_1_258' title='bbox 502 3510 532 3563; x_wconf 92' lang='lat' dir='ltr'>in</span> <span class='ocrx_word' id='word_1_259' title='bbox 550 3509 683 3564; x_wconf 87' lang='lat' dir='ltr'>interiore</span> <span class='ocrx_word' id='word_1_260' title='bbox 701 3509 828 3578; x_wconf 78' lang='lat' dir='ltr'>margine</span> <span class='ocrx_word' id='word_1_261' title='bbox 842 3509 964 3578; x_wconf 83' lang='lat' dir='ltr'>scriptae</span> <span class='ocrx_word' id='word_1_262' title='bbox 977 3523 1012 3562; x_wconf 85' lang='lat' dir='ltr'>ex</span> <span class='ocrx_word' id='word_1_263' title='bbox 1029 3509 1112 3578; x_wconf 80' lang='lat' dir='ltr'>parte</span> <span class='ocrx_word' id='word_1_264' title='bbox 1141 3526 1146 3557; x_wconf 88' lang='lat'>:</span> 
     </span>
     <span class='ocr_line' id='line_1_39' title="bbox 94 3597 272 3636; baseline -0.011 0"><span class='ocrx_word' id='word_1_265' title='bbox 94 3597 163 3636; x_wconf 87' lang='lat' dir='ltr'>cocu</span> <span class='ocrx_word' id='word_1_266' title='bbox 190 3597 225 3635; x_wconf 88' lang='lat' dir='ltr'>en</span> <span class='ocrx_word' id='word_1_267' title='bbox 238 3597 272 3634; x_wconf 90' lang='lat' dir='ltr'>ur</span> 
     </span>
    </p>
   </div>
   <div class='ocr_carea' id='block_1_4' title="bbox 0 0 1182 3946">
    <p class='ocr_par' dir='ltr' id='par_1_15' title="bbox 0 0 1182 3946">
     <span class='ocr_line' id='line_1_40' title="bbox 0 0 1182 3946; baseline 0 1"><span class='ocrx_word' id='word_1_268' title='bbox 0 0 1182 3946; x_wconf 95' lang='lat' dir='ltr'> </span> 
     </span>
    </p>
   </div>
  </div>
 </body>
</html>
