2354 3946
418 163 442 216 L
467 160 517 214 uu
534 159 688 216 NOMINE.
1005 163 1065 227 113
1093 192 1096 197 ·

48 332 179 397 uespera.
219 313 403 378 cauendum
425 317 620 397 esttamen,
647 334 688 377 ne
711 315 767 377 aut
787 333 897 395 uesper
919 317 974 378 aut
995 334 1064 379 ues-

49 419 150 481 perum
171 400 228 463 aut
249 415 387 481 uespera
408 399 562 482 pluralem
583 419 752 464 numerum
767 397 884 462 habere
898 401 1063 481 putentur.

10 494 14 569 ss
53 483 128 547 uude
158 483 260 548 miror
293 484 453 566 quomodo
487 483 616 567 quidam
646 482 870 567 procacissime
899 504 993 547 ausus
1022 484 1065 546 sit

10 582 15 619 -'
57 566 146 631 dicere
160 587 324 650 uesperes;
348 570 460 632 utnon
475 567 578 632 solum
594 567 751 652 pluralem
766 588 936 631 numerum
952 570 1065 631 contra

10 652 12 743 j
58 672 170 716 omnem
199 653 348 716 ordinem
370 653 593 735 rationemque
615 652 853 718 confusibiliter
875 652 1064 734 adsumpsit,
1088 681 1101 720 a

59 756 153 800 uorum
180 736 280 801 etiam
310 757 413 821 genus
440 740 546 820 ipsum
575 738 718 821 corrupit
738 759 797 821 pro
821 736 961 800 neutrali
982 757 1063 800 mas·

63 820 185 884 eubnum
207 841 344 904 ponens.
382 821 436 886 sed
459 822 643 886 huiusmodi
665 822 729 885 uiri
751 843 883 898 nomen,
914 821 987 903 quia
1008 842 1064 884 no·

62 903 120 969 bilis
145 908 194 969 est
221 909 254 970 et
282 907 361 969 eatis
383 905 489 970 clarus
511 909 545 970 et
566 907 676 970 multis
698 907 782 970 forte
805 908 873 969 eius
896 903 1066 987 displiceat

10 1036 14 1045 .
63 987 193 1067 infamia,
222 989 393 1054 manifeste
423 991 557 1073 prodere
579 991 671 1074 nolo,
699 991 887 1075 praesertim
910 1011 981 1054 cum
1004 989 1064 1053 hoc

10 1106 16 1145 ·,
65 1073 209 1139 anteusus
238 1075 281 1139 sit
308 1095 374 1139 non
396 1075 498 1139 solum
521 1075 686 1139 audaciter
707 1077 762 1140 sed
786 1079 818 1139 et
838 1075 1008 1140 temerarie
1029 1095 1064 1138 se
1078 1103 1103 1142 ιο

65 1156 161 1223 dixisse
182 1158 355 1223 etfaciam
378 1181 468 1224 suam
489 1160 523 1222 in
540 1161 646 1224 sinum
661 1182 768 1224 meum
783 1161 971 1243 porrexerit.
1009 1159 1063 1222 sed

66 1240 170 1308 dehoc
197 1244 270 1307 uiro
297 1244 376 1307 satia
404 1244 446 1308 sit
474 1244 604 1308 dictum.
643 1249 784 1309 ceterum
806 1247 841 1308 in
863 1244 1064 1309 nominatiuo

68 1345 139 1391 assu
158 1328 330 1392 scribendo
354 1328 446 1392 multi
461 1334 617 1411 superflue
640 1333 672 1393 et
694 1338 844 1413 corrupte
866 1330 918 1392 uel
941 1328 1064 1392 addunt

68 1412 148 1477 nulla
168 1411 222 1475 uel
242 1413 410 1491 minuunt,
433 1417 469 1476 ut
484 1418 533 1477 est
553 1414 734 1492 brachium,
758 1435 831 1478 eum
851 1413 903 1477 hic
924 1414 946 1478 lu
969 1413 1066 1477 scribi

67 1514 115 1560 rou
134 1496 240 1561 debet.
283 1497 378 1560 multi
401 1498 498 1562 etiam
520 1497 633 1562 dicunt
653 1499 752 1581 fillius
773 1520 832 1581 pro
856 1518 893 1562 eo
916 1499 1000 1581 quod
1023 1497 1104 1562 sitm

65 1579 143 1660 filice:
172 1583 256 1645 sicut
285 1580 517 1646 Maceronto
545 1602 678 1666 graecus
708 1583 900 1666 discipulus,
930 1603 1066 1645 monens

63 1666 185 1730 nondum
200 1667 365 1750 integrum
381 1666 568 1750 discipulos,
587 1668 685 1730 immo
701 1689 832 1732 monere
848 1667 968 1729 audens
984 1668 1016 1728 et
1030 1668 1068 1728 ut

63 1752 161 1814 reuss
188 1751 295 1814 dicam
322 1772 526 1835 corrumpens
544 1752 643 1835 [illius
665 1751 771 1836 inquit
792 1770 879 1815 meus
900 1770 931 1815 es
952 1753 996 1815 tu.
1034 1752 1066 1812 et

64 1834 146 1899 uuor
158 1835 244 1899 unde
259 1836 272 1900 l
286 1835 408 1899 addidit
422 1836 457 1900 in
471 1837 675 1901 nominatiuo
691 1858 782 1901 cassu
797 1833 972 1918 singulari,
993 1853 1066 1897 cum

61 1915 217 2003 irplurali
237 1941 371 1984 numero
391 1921 475 1985 siout
495 1921 587 1984 decet
609 1921 773 2005 scripserit
787 1939 894 1984 moneo
909 1937 981 1999 coc,
1002 1919 1065 2001 (ilii
1078 1942 1103 1982 ro

60 2006 115 2069 usi.
147 2004 263 2068 dicunt
277 2005 396 2069 etenim
413 2025 501 2071 cerus
515 2027 574 2089 pro
590 2026 716 2085 ceruum
740 2009 773 2068 eb
787 2005 832 2068 sic
847 2008 955 2067 tamen
971 2002 1066 2066 decli-

10 2158 13 2181 ,
60 2090 330 2155 sarmatario
346 2093 378 2153 et
392 2094 513 2172 eetera3
537 2094 570 2154 et
589 2093 700 2154 tamen
715 2089 921 2174 peregrinum
935 2091 1066 2171 tamque

59 2170 214 2239 turbarum
232 2177 299 2254 est,
323 2177 360 2237 ut
373 2175 458 2239 unde
472 2175 607 2239 allatum
622 2179 685 2256 est,
709 2175 855 2258 intellegi
873 2195 940 2238 non
955 2173 1067 2257 possit.

126 2258 225 2323 Nunc
252 2259 292 2322 de
320 2259 471 2341 genetiuo
493 2280 593 2323 cassu.
636 2262 742 2324 omnis
763 2259 932 2341 genetiuus
955 2279 1063 2322 cassus

56 2340 113 2407 iri
131 2343 264 2406 literam
291 2343 497 2422 terminatus,
527 2344 642 2408 dubius
665 2348 731 2429 est,
759 2347 815 2408 aut
837 2345 924 2407 euim
945 2342 1063 2426 longus
1077 2367 1102 2407 aa

55 2430 100 2490 uu
126 2427 239 2491 breuis
273 2430 336 2491 est:
367 2428 482 2511 longus
510 2428 566 2512 qui
592 2428 627 2492 in
654 2431 668 2494 c'
696 2428 855 2512 duplicem
884 2427 1002 2492 desiuit
1029 2428 1066 2489 ut

54 2508 162 2593 broii,
183 2512 262 2594 filit,
283 2512 382 2592 podii,
405 2512 511 2576 breuis
534 2513 642 2596 quiin
665 2535 762 2577 unam
784 2513 975 2578 terminatur
996 2512 1010 2575 i
1029 2513 1067 2574 ut

52 2595 139 2675 beri,
161 2596 248 2676 stili,
270 2596 370 2678 domi,
396 2596 473 2660 lieet
488 2597 637 2661 nonnulli
651 2599 822 2662 aestiment
839 2598 926 2661 hunc
941 2617 1067 2660 cassum

53 2683 313 2763 quotiescumque
328 2680 362 2743 in
377 2682 391 2745 i
404 2680 605 2760 terminatur,
621 2682 736 2746 debere
752 2683 883 2768 longum
898 2682 983 2761 fieri3
1006 2702 1066 2745 nos

51 2772 196 2831 usturam
229 2764 425 2848 syllabarum
453 2770 486 2829 et
513 2768 695 2850 temporum
722 2768 758 2831 in
787 2769 847 2832 hoc
877 2788 972 2850 opere
1000 2787 1066 2830 non
1080 2788 1105 2828 ro

50 2848 273 2924 discernimus,
296 2848 351 2912 sed
373 2850 563 2934 simpliciter
585 2852 769 2915 disserimus
785 2852 943 2935 quomodo
958 2871 1067 2914 cassus

49 2933 103 3081 psi
122 2933 275 3020 ponendi
295 2937 378 2998 sunt
411 2956 479 2999 non
494 2936 581 2999 enim
596 2936 672 3020 quia
686 2937 857 3021 genetiuus
873 2956 979 2999 cassus
995 2953 1066 3017 pro-

66 3021 112 3085 uci
134 3020 276 3100 dicitur,
299 3018 417 3083 idcireo
440 3041 499 3103 per
520 3020 757 3104 longitudinem
773 3025 955 3101 temporum
969 3018 1068 3081 etiem

106 3230 120 3276 1
139 3226 282 3291 vesperat
301 3217 335 3272 N
343 3220 353 3287 l
368 3224 399 3273 10
410 3220 578 3275 temerariae
591 3217 624 3274 N
634 3223 643 3290 l
657 3226 688 3276 13
701 3218 860 3287 superfluae
873 3216 908 3270 N
915 3217 926 3285 l
939 3221 971 3270 15
983 3185 1067 3270 fillius

48 3286 76 3343 N
82 3292 91 3359 Ι
105 3296 137 3344 16
156 3286 282 3343 macedo
293 3287 370 3340 inter
381 3303 498 3356 graecos
511 3288 663 3357 discipulos
676 3287 746 3342 corui.
760 3285 863 3339 Hurtel
875 3286 885 3353 ΙΙ
900 3290 930 3338 17
943 3283 1068 3349 aud{ens

47 3388 92 3529 {a
102 3399 134 3446 ‘21
156 3366 380 3512 &moruus
392 3389 426 3442 N
435 3390 445 3457 Ιι
457 3394 490 3441 2-1
502 3392 648 3459 tamquam
657 3388 691 3441 N
700 3388 709 3456 ΙΙ
723 3392 755 3440 24
768 3400 848 3441 cassu
857 3386 891 3441 N
899 3387 909 3455 [1
922 3384 1068 3440 roduntur

102 3466 136 3515 27
146 3460 222 3525 bra}
240 3456 258 3467 ''
306 3457 363 3524 itt
375 3455 441 3509 dom
454 3455 488 3510 N
496 3458 507 3525 l
519 3463 552 3511 29
570 3471 747 3524 quocumque
765 3454 804 3513 N.

90 3554 170 3605 vireu
184 3553 223 3594 ed.
236 3553 348 3593 Rucmor.
849 3546 866 3596 8
