2354 3946
440 177 487 232 IX.
516 176 601 231 VITA
625 175 652 230 S.
673 175 826 232 GISLENI.
1078 175 1140 240 161

130 340 277 424 Longius
300 338 480 424 aufugiens,
504 339 636 403 sibimet
658 340 731 403 loca
753 342 861 403 cetera
884 360 1051 424 quaerens,

59 447 111 496 295
130 429 228 494 Hunc
251 428 410 512 siquidem
432 427 557 493 famulo
580 428 731 512 praefixit
753 428 912 492 maximus
937 432 1058 494 auctor.

130 518 196 583 lles
220 518 341 582 etenim
364 517 483 600 typicis
506 517 587 581 haec
611 520 661 581 est
683 516 870 581 meditanda
892 517 1020 602 figuris:

131 606 193 681 Qui
216 606 340 670 famulo
362 603 472 669 Eliam
496 606 672 689 depaverat
696 606 774 670 alite
799 605 974 689 quondam,

130 694 163 759 Is
187 694 307 760 etenim
330 717 389 779 per
412 716 504 758 avem
528 697 678 758 sanctum
701 694 879 777 praecessit
903 699 1042 759 euntem.

132 784 220 848 Haec
244 804 371 867 quoque
394 782 534 847 ferventi
556 782 726 847 Phoebeae
749 782 910 866 lampadis
935 782 988 845 axi

59 891 112 939 300
130 871 231 936 Vadit
255 871 359 936 vicine
381 892 547 955 nunquam
570 874 646 954 post
668 871 764 954 pulsa
787 890 934 952 superne.

132 957 265 1044 Spectat
289 959 415 1024 Gisleni
439 958 486 1024 sic
508 959 591 1024 visio
616 957 780 1042 Dindyma
804 958 899 1042 caeli,

131 1050 180 1112 Ac
204 1049 260 1112 ubi
283 1048 464 1132 prospexit,
487 1069 652 1132 nunquam
676 1047 749 1112 visu
772 1047 846 1111 inde
869 1046 1011 1111 recessit.

178 1204 221 1259 De
240 1203 370 1260 coenobii
389 1203 461 1259 sacri
480 1204 688 1260 constructione
707 1205 737 1258 et
754 1204 923 1259 multimoda
941 1203 1095 1275 spiritualis

464 1275 540 1330 vitae
559 1275 808 1344 contemplatione.

133 1383 266 1448 Talibus
290 1407 328 1449 ac
351 1384 453 1447 tantis
476 1406 535 1468 per
559 1381 727 1449 Christum
751 1385 886 1449 caelitus
911 1384 992 1448 actis

133 1473 193 1536 Vir
216 1495 306 1538 sacer
330 1472 494 1537 adfectum
518 1471 696 1537 transfudit
719 1473 752 1536 in
776 1472 909 1536 aethera
932 1476 1039 1536 totum

61 1580 114 1628 305
135 1560 336 1645 Signatoque
360 1561 451 1645 operi
474 1560 613 1625 sudabat
636 1565 745 1625 mente
767 1560 856 1625 fideli

133 1649 314 1714 Altithroni
338 1671 457 1714 nomen
480 1654 629 1714 sanetum
652 1652 825 1713 veneratus
849 1651 882 1713 et
905 1669 1013 1731 omen,

133 1739 288 1821 Auspicio
312 1739 402 1803 cuius
426 1737 553 1824 regitur
575 1760 634 1822 per
657 1737 786 1802 saecula
808 1737 923 1801 iustus,

133 1826 281 1910 Denique
305 1827 460 1892 silvarum
485 1824 582 1891 simul
606 1830 639 1890 et
662 1825 823 1890 condensa
845 1826 987 1889 ferarum

134 1915 294 1980 Funditus
318 1916 494 1999 excutiens,
516 1914 683 1980 obstantia
706 1936 851 1998 quaeque
874 1913 1019 1978 recidens

63 2022 114 2071 310
133 2003 271 2087 Templa
294 2004 353 2070 deo
378 2003 508 2087 statuit,
531 2003 721 2068 fundamina
743 2004 850 2088 prima
873 2001 1009 2085 locavit,

134 2091 275 2158 Nomine
300 2115 381 2176 quae
405 2091 494 2156 Petri
517 2091 664 2156 titulavit
686 2092 872 2175 honoreque
896 2091 999 2156 Pauli.

134 2180 251 2245 Gestat
273 2180 486 2265 Apostolicae
510 2181 600 2245 locus
623 2182 694 2265 ipse
718 2180 876 2245 vocabula
900 2178 1019 2264 Cellae,

133 2268 313 2335 Rusticitas
337 2269 437 2334 verbo
461 2269 682 2334 communicat
705 2269 789 2333 unde
812 2267 944 2334 Latino.

134 2357 196 2422 Hic
221 2357 378 2443 siquidem
400 2356 486 2422 vitae
510 2358 647 2423 certavit
670 2379 781 2423 amore
804 2357 934 2423 beatae:

64 2463 116 2513 315
135 2446 303 2511 Arcebant
325 2449 417 2511 artus
440 2445 505 2512 cibi
529 2448 698 2532 somnique
722 2468 881 2530 recessus3

135 2534 299 2599 Excubiae
324 2535 468 2599 studium
492 2535 558 2600 sosi
582 2536 748 2600 mactabat
772 2536 944 2617 amictum3

136 2622 274 2706 Frigora
297 2624 344 2688 sie
366 2623 509 2688 enimam
532 2624 718 2708 purgabant
741 2623 875 2687 crimine
899 2623 1028 2688 claram.

136 2711 267 2776 Fixerat
290 2710 343 2776 hic
366 2711 470 2795 cordi,
493 2715 603 2777 textus
627 2732 710 2795 quae
734 2711 856 2775 clamat
877 2710 1003 2776 herilis:

138 2798 276 2883 ‘Aspera
298 2822 357 2883 per
379 2800 481 2864 nimia
504 2799 584 2865 caeli
608 2798 821 2864 conscendere
844 2799 931 2863 celsa

64 2907 118 2957 ³20
137 2886 312 2965 Condecet,
336 2888 510 2953 altithroni
534 2893 643 2974 gestat
666 2889 721 2973 qui
743 2909 863 2952 nomen
887 2885 1008 2971 opimi'

137 2976 199 3041 His
222 2977 366 3062 flagrans
390 2977 474 3042 votis
497 2977 610 3042 mundi
634 2998 668 3040 se
692 2977 793 3041 traxit
816 2976 856 3039 ab
882 2975 963 3040 actis

209 3120 262 3169 294
277 3115 410 3170 ‘caetera’
456 3121 507 3170 295
522 3115 551 3169 in
564 3116 693 3184 margine
708 3115 861 3183 ascriptum
872 3113 1055 3169 ‘Parentcsis’
1097 3120 1149 3168 296

139 3184 257 3254 ‘tipicis'
309 3191 361 3242 297
378 3185 506 3240 ‘heliam’
554 3192 607 3241 299
623 3185 789 3255 ‘phaebeae'
838 3190 890 3239 300
907 3184 1037 3240 ‘vicinae’
1060 3186 1150 3239 ‘num-

138 3257 234 3324 quam'
258 3256 418 3326 ‘supernae’
433 3274 484 3325 per
498 3273 513 3330 e
529 3257 664 3326 scriptum
680 3257 748 3323 erat,
767 3258 866 3325 postea
883 3256 1012 3311 hamulus
1031 3255 1060 3309 in
1078 3256 1150 3325 pede

139 3327 253 3382 litterae
278 3344 293 3382 0
317 3327 471 3383 exstinctus
495 3329 539 3382 est
605 3325 1032 3382 ao1‘GstuN1’uindima’
1098 3332 1149 3380 302

141 3398 317 3467 ‘numquam’
357 3403 409 3452 304
421 3397 575 3452 ‘affectum’
614 3403 666 3452 307
677 3396 823 3468 ‘auspitio'
861 3404 914 3452 314
925 3397 1000 3451 ‘Hic’
1016 3413 1150 3465 superscr·

140 3469 189 3523 ‘au
204 3469 271 3524 loei'
314 3475 367 3524 315
379 3469 468 3523 ‘artus
482 3468 549 3524 cibi’
559 3468 590 3523 in
603 3485 701 3522 rasura
746 3474 799 3524 316
810 3468 878 3524 ‘sosi
892 3467 1039 3522 amictnm’
1051 3482 1153 3537 corpus

140 3539 298 3610 significare
318 3541 448 3609 apparet3
470 3539 589 3596 sonasse
609 3540 742 3608 ‘sophiae’
763 3539 939 3594 scribendum

195 3638 322 3691 Harena,
336 3639 415 3679 Vmu
430 3645 582 3679 aanoroaux.
