2354 3946
438 921 699 988 PRAEFATIO.
733 942 736 947 ·

134 1097 309 1141 u1aa1n1us
325 1097 410 1140 naso
427 1096 514 1139 1uu10
531 1096 679 1139 ansuino
695 1096 835 1138 n1noono
852 1095 1004 1139 sennenn.
1040 1072 1077 1137 ln

53 1161 251 1224 Graecorum
285 1158 422 1243 legimus
451 1157 594 1222 historiis
623 1162 730 1222 uatem
759 1158 917 1242 quendam
945 1158 1077 1241 Tarqui-

55 1245 141 1309 nium
174 1265 240 1308 oon
268 1243 385 1308 Persas
412 1243 589 1320 exstitisse,
623 1243 678 1327 qui
707 1242 856 1327 quioquid
884 1243 1078 1307 uaticinatus

57 1329 167 1394 luisset
194 1327 326 1392 tabellis
355 1331 388 1392 et
409 1327 561 1393 eodieulis
583 1328 793 1412 inprimebat‚
821 1329 923 1390 donee
946 1333 1078 1392 euentus

58 1413 120 1497 ipse
155 1413 328 1496 probaret3
365 1433 428 1496 quo
456 1412 605 1496 conpleto
634 1412 752 1495 scripta
778 1411 947 1495 prodebat.
992 1413 1116 1476 intere

59 1497 317 1582 quasquoddam
332 1496 478 1561 mirabile
495 1495 700 1580 prophetauit
715 1517 880 1577 areanum,
904 1497 987 1579 quod
1004 1498 1079 1581 qnia

59 1583 160 1647 adhue
195 1602 262 1645 non
297 1581 428 1646 uidebat
454 1581 611 1665 inpletum
638 1603 737 1665 usque
766 1580 806 1644 ad
833 1586 968 1644 mortem
996 1581 1078 1644 nulli

60 1667 158 1731 uoluit
180 1666 361 1730 ostendere.
395 1688 506 1731 uerum
528 1687 611 1750 pene
625 1667 695 1750 ipso
711 1665 776 1744 die,
800 1686 863 1748 quo
879 1665 966 1727 uitae
980 1666 1078 1727 finem

59 1751 145 1834 feeit,
173 1772 275 1814 unum
298 1772 337 1815 ex
359 1752 424 1815 suis
445 1751 576 1815 uocauit
597 1751 760 1834 discipulis
783 1750 957 1832 adsignans
979 1750 1007 1811 ei
1030 1753 1078 1811 ta-

59 1836 174 1900 bellam
203 1839 237 1899 et
264 1835 389 1900 dicens:
422 1842 480 1900 bea
507 1856 569 1912 ene,
596 1836 657 1900 bea
684 1856 746 1914 ene,
775 1835 874 1916 oali,
904 1835 981 1915 qaia
1003 1833 1116 1898 baean

58 1922 176 2004 scripta
198 1920 341 1984 nondam
362 1921 481 2002 inpleta
501 1918 595 1985 snat!
615 1921 693 2002 felin
714 1923 743 1984 et
763 1920 870 1984 beatas
891 1919 951 1982 erit
972 1920 1078 1998 quiin

59 2005 119 2070 dlis
145 2005 494 2087 nominetenus,
529 2005 642 2086 quibas
673 2005 750 2069 baee
776 2003 949 2084 conplenda
976 2007 1076 2083 erant,

58 2091 196 2171 quaein
219 2088 280 2154 bae
306 2090 428 2154 nisione
450 2092 656 2154 eontinentur.
695 2088 774 2152 haee
796 2088 878 2151 uisio
900 2087 976 2150 talis
999 2091 1077 2153 eret.

58 2176 124 2240 aidi
154 2174 203 2237 ait
232 2173 315 2237 uatis
349 2175 526 2238 inmensam
551 2175 670 2256 danen
700 2175 736 2238 de
764 2173 847 2238 eaelo
875 2173 977 2254 fluens
1005 2174 1076 2250 alto,

56 2260 161 2324 aloe
182 2258 303 2340 flamen
324 2261 438 2322 ninam
459 2263 537 2324 erat.
580 2258 682 2323 aliena
703 2278 823 2338 qnoque
843 2259 987 2322 rianlain
1008 2259 1079 2322 nidi
1092 2277 1116 2316 1⁵

56 2349 199 2409 eternae
220 2347 405 2407 manantem
421 2345 536 2424 petris,
567 2346 595 2406 et
615 2342 666 2405 bie
692 2344 819 2407 sinales
846 2345 911 2406 tam
939 2346 1005 2405 orto
1030 2343 1078 2405 in-

57 2428 128 2494 bari
153 2428 233 2492 solis
260 2431 373 2508 raptas
400 2432 444 2492 est
470 2427 541 2511 [ille
566 2426 712 2511 eianlas]
740 2426 867 2490 obuiam
888 2426 1016 2507 flamini
1038 2426 1077 2489 ab

56 2513 117 2577 aiio
151 2511 290 2591 labenti,
324 2515 353 2575 et
385 2512 499 2576 collecti
525 2513 561 2576 in
589 2531 689 2575 annm
716 2511 812 2592 sinnii
840 2512 954 2575 ainana
981 2511 1079 2591 effecti

55 2602 144 2675 sunt;
169 2600 199 2661 et
220 2615 322 2659 annm
344 2600 413 2659 erat
432 2596 550 2677 flatenen
572 2596 721 2659 ebrinum
736 2596 860 2676 inplens
875 2615 913 2659 ae
927 2597 1076 2675 tellnreni,

57 2683 88 2745 in
110 2701 175 2764 qno
197 2681 363 2744 innumeri
383 2681 461 2762 aeni
482 2685 510 2744 et
530 2680 625 2745 nitnli
647 2679 811 2761 indebant,
835 2680 1027 2760 bibentesque
1042 2699 1116 2743 ean

55 2787 86 2830 eo
107 2765 266 2831 inebriati
280 2763 506 2846 epithalamion
522 2765 684 2845 canebant,
706 2769 735 2829 et
752 2785 859 2830 eornm
874 2765 986 2828 andita
1006 2783 1078 2826 noce

55 2852 174 2917 caelum
197 2868 240 2914 ao
261 2852 349 2912 terra
365 2850 491 2929 pariter
513 2849 630 2913 laetata
651 2855 735 2914 sant.

117 3067 264 3124 ancien
283 3063 494 3119 PRAEFATIO
512 3066 676 3122 nunonis
694 3067 728 3120 n
742 3067 751 3133 ιι
769 3071 784 3117 s
802 3031 973 3131 arianam
991 3062 1025 3116 n
1039 3064 1077 3131 aa

54 3204 103 3242 eon
120 3189 177 3256 nu
195 3142 337 3256 quiequid
354 3183 389 3237 N
402 3185 412 3252 ιι
430 3191 446 3237 s
463 3170 599 3252 probaret
616 3185 643 3251 ι>
662 3201 697 3241 a.
716 3183 766 3248 a.)
783 3181 817 3235 n
831 3183 841 3248 ιι
859 3187 875 3234 s
893 3180 961 3233 ane
980 3179 1032 3248 Nl
1047 3187 1077 3234 a

52 3271 216 3355 mundatem
234 3287 270 3342 N
279 3287 290 3356 l}
306 3290 339 3339 18
356 3289 417 3352 post
430 3284 542 3339 collecti
553 3301 608 3343 ras.
620 3288 690 3338 2-3
708 3284 761 3337 litt.
778 3282 862 3361 inN
871 3284 880 3352 ΙΙ
893 3288 926 3335 20
943 3280 1079 3336 ludebant

53 3386 414 3457 nummumque]
429 3352 1077 3455 quaeNne1ephit¹¹a1am⁵¹¹¹NuenletataN.
1161 3406 1165 3455 ;
