2354 3946
118 190 183 255 124
396 188 457 245 VH.
485 186 611 245 PASSIO
631 188 658 244 S.
677 187 847 244 uanum.

117 353 253 420 Concita
276 353 454 417 multorum
477 351 631 416 veniebat
654 352 762 417 contio
786 354 926 437 supplex

117 443 297 521 Debilium‚
321 442 435 506 morbo
460 442 515 525 qui
538 440 737 505 curabantur
760 441 802 504 ab
825 442 930 524 omni,

118 532 263 610 Quorum
287 553 416 596 summa
437 534 578 615 negatur
602 528 707 594 adhuc
730 529 941 616 mortalibus3
964 529 1042 595 0000

31 637 98 688 1030
118 620 245 686 Gaudia
268 622 418 702 suscepto
442 619 625 704 pergebant
647 619 747 702 longa
770 622 931 683 metentes

117 710 248 775 Robore
271 712 347 792 post
370 729 488 792 corpus
512 706 660 771 mirabile
684 706 963 792 signipotensque.

117 797 262 862 Venerat
285 797 325 862 ad
349 797 509 880 quendem
533 796 664 860 domino
688 795 824 861 ducente
846 796 1017 880 locellum,

119 887 180 964 Qui
205 888 288 951 situs
311 886 345 949 iu
368 904 456 970 pago
480 883 656 966 Castrensi‚
678 883 838 949 Hibernio
862 884 970 950 dictus

118 975 275 1040 Resbacis
298 973 388 1039 fluvii
413 973 660 1056 superimminet
682 973 816 1038 inclitus
841 974 943 1053 amni,

32 1080 100 1129 1040
121 1063 251 1129 Scilicet
273 1062 308 1125 in
331 1062 431 1138 saltu,
456 1063 511 1145 qui
534 1083 655 1126 nomen
676 1061 802 1126 hebens
825 1061 1005 1146 Aquilinae

117 1150 311 1215 Innumeros
334 1150 439 1213 nutrit
462 1170 520 1231 per
543 1171 664 1232 pascua
688 1171 832 1235 congrua
855 1172 977 1216 cervos.

117 1238 226 1303 Hucoe
250 1258 346 1303 canes
370 1237 522 1321 instigati
545 1260 605 1322 per
628 1260 732 1323 prona
754 1237 906 1325 fugatum

117 1326 325 1391 Insectantur
346 1361 383 1373 -
407 1326 487 1390 odor
510 1327 628 1391 tribuit
651 1329 790 1412 vestigia
810 1349 1013 1395 -0000001,

119 1414 181 1481 Sed
204 1415 319 1501 procul
343 1415 445 1481 amoti
468 1419 597 1480 tantum
622 1417 746 1481 saevire
769 1416 923 1481 valebant

33 1505 165 1571 1040010
187 1504 311 1570 frustra
334 1505 433 1590 longo
456 1506 579 1570 latratu
603 1505 752 1569 emittere
775 1526 880 1589 voces,

120 1593 196 1659 Non
218 1598 330 1658 tamen
352 1594 437 1659 hunc
461 1594 555 1659 avido
580 1595 755 1658 tremulum
779 1596 968 1679 contingere
992 1595 1100 1662 dente.

121 1683 224 1759 Quem
247 1704 355 1748 comes
378 1686 415 1746 ut
438 1683 557 1748 feretro
581 1683 747 1767 perspexit
770 1683 882 1747 adesse
906 1685 1128 1770 propinquum

119 1772 266 1858 Longius
291 1775 388 1856 atque
412 1793 528 1836 canum
552 1772 703 1856 querulas
727 1772 926 1854 requiescere
949 1773 1095 1860 linguas,

120 1861 308 1947 Dordingus
333 1861 457 1947 stupuit
479 1860 617 1926 haerens
642 1860 791 1924 mirabile
813 1859 951 1946 factum,

31 1965 102 2015 1000
121 1949 278 2035 Martyris
302 1950 430 2014 Arnulii
454 1950 539 2034 quod
562 1952 699 2015 noverat
721 1948 907 2014 interventu

120 2037 173 2103 Sic
197 2042 327 2125 gestum
351 2038 482 2103 domino
505 2037 580 2102 Iesu
602 2038 742 2103 faciente
764 2038 878 2123 fuisse3

120 2127 211 2192 Tunc
234 2131 419 2211 prostratus
443 2126 534 2190 humi
559 2131 672 2191 sancto
695 2127 773 2190 tulit
797 2126 922 2212 optima
946 2127 1044 2193 dona.

119 2217 201 2280 Post
224 2237 299 2278 vero
323 2235 396 2277 cum
421 2213 617 2298 dispositum
640 2215 832 2297 0000000000
856 2237 1006 2301 gressum

119 2301 264 2384 Vellent,
288 2301 416 2364 immoti
439 2301 571 2365 stabant
592 2323 695 2384 neque
719 2303 850 2388 lougius
873 2306 920 2369 ire
1158 2333 1172 2372 r.

33 2407 101 2456 1000
120 2390 189 2455 Aut
213 2392 360 2454 sanctum
383 2389 534 2472 permissi
559 2393 634 2453 0000
657 2394 790 2474 portare
815 2393 964 2457 cadaver:

118 2477 182 2543 Hic
206 2477 360 2563 gradibus
383 2477 457 2541 fixis
481 2478 636 2543 animalia
658 2478 808 2563 plaustra
831 2479 989 2546 tenebant

119 2566 189 2633 Neo
213 2571 338 2631 mutare
363 2567 469 2632 locum
493 2570 661 2654 poterunt,
685 2570 761 2653 quia
784 2571 904 2635 caelica
927 2571 1033 2636 virtus

121 2655 191 2720 Hoc
214 2655 263 2721 ita
285 2656 465 2722 constituit.
508 2655 670 2724 Comitem
693 2680 773 2744 0000
797 2681 894 2723 00000
917 2660 1027 2744 coegit

118 2743 247 2809 Inflecti
270 2746 444 2830 tetigitque
468 2745 529 2810 viri
552 2748 741 2831 praecordia
764 2748 877 2834 magni

32 2850 100 2898 1000
119 2832 158 2897 Ιο
181 2836 325 2915 tantum,
348 2838 398 2916 ut,
422 2856 630 2921 quaecunque
654 2837 705 2901 sui
727 2837 858 2901 fuerant
881 2837 926 2901 ibi
949 2837 1032 2903 iuris

118 2921 188 2986 Aut
211 2920 420 2989 circumcirca
444 2924 551 3007 spatio
575 2929 670 2989 tenus
694 2925 835 3010 undique
860 2947 988 3011 sparsa,

118 3009 276 3076 Traderct
300 3011 380 3076 haec
404 3016 518 3077 sancto
542 3012 654 3077 stabili
678 3013 809 3078 firmata
832 3015 946 3079 libello

119 3099 268 3164 Arnulfo.
314 3099 476 3166 Posthaeo
500 3122 607 3165 comes
629 3099 717 3164 illius
741 3104 839 3186 00000
862 3103 974 3168 fideles

192 3278 261 3328 1006
282 3274 367 3344 ‘signi
386 3275 552 3345 potensque'
611 3278 679 3327 1030
696 3274 809 3342 ‘stacius
827 3293 910 3345 super
928 3278 1069 3335 imminet'
1087 3281 1137 3352 [00

121 3343 219 3399 ‘crois'
240 3359 291 3413 pro
312 3345 410 3400 ‘amni'
432 3344 610 3400 scribendum
629 3343 705 3414 0001]
768 3351 837 3400 1040
858 3347 1007 3415 ‘aquiline'
1066 3357 1136 3406 1011

121 3414 240 3470 ‘secure'
265 3428 320 3468 seo.
339 3434 376 3472 m.
396 3419 550 3471 correctum
574 3415 605 3469 in
625 3415 738 3469 ‘sevire’
796 3421 866 3472 1049
883 3418 1005 3474 ‘herens'
1065 3428 1136 3477 1000

122 3484 207 3541 ‘inter
229 3485 326 3540 ventu’
394 3493 462 3543 1006
483 3486 558 3541 Ἧο0’
586 3502 622 3540 en
642 3485 733 3540 ‘Sto’e
798 3492 867 3543 1001
888 3488 997 3544 ‘celica'
1065 3497 1136 3548 1060

96 3557 308 3628 ·‘quccunquc’
353 3562 420 3612 1061
437 3558 554 3611 ‘circum
568 3555 654 3613 circa'
698 3563 766 3614 1062
783 3559 858 3613 ‘hec’
904 3565 972 3615 1060
989 3561 1133 3617 ‘Posthac’
