2354 3946
375 189 421 244 Vl.
441 188 528 245 VITA
548 189 765 246 6066616111.
1032 192 1073 258 75

10 374 35 424 16
57 353 273 437 Presbyteros
296 352 524 417 Domitianum
546 351 726 437 Didymum
750 376 878 440 quoque
901 355 1006 440 binos,
1092 379 1108 418 f.
1122 367 1160 419 rof

58 442 194 507 Viribus
217 441 373 526 insignes,
396 441 485 506 omni
508 442 657 506 bonitate
680 442 837 527 eluentes3

58 531 192 597 Levitae
216 529 364 614 equidem
388 551 524 594 numero
550 529 615 594 sibi
636 532 786 595 iunxerat
810 553 922 617 aequo,

58 620 186 685 Ambos
209 619 362 683 florentes
387 618 559 700 aetatibus,
583 618 738 684 archades
763 621 886 705 ambos,

57 709 104 774 Et
128 711 259 772 cantare
283 728 377 791 pares
401 711 434 771 61
456 707 520 771 1161
542 706 686 792 perferre
709 708 867 793 volentes,

10 816 37 865 to
58 797 214 862 Orionem
238 797 380 881 primum
403 795 541 861 Neonan
565 795 751 880 dictumque
776 798 959 863 seeundum.

58 885 233 950 Lectorum
256 906 333 949 vero
357 906 477 949 cuneus
501 885 720 969 supereminet
743 907 807 950 uno

57 975 206 1039 lndioens
229 995 375 1056 numero,
399 973 485 1056 quod
507 972 675 1037 habebant
698 973 804 1039 cordis
827 975 862 1038 in
886 975 970 1058 alvo,

59 1061 125 1129 Sic:
149 1061 315 1126 Basamon
338 1065 371 1125 61
394 1060 560 1125 Honorius
581 1060 771 1146 Eronesque
795 1063 912 1128 vocati.

58 1150 145 1216 Nam
167 1150 336 1215 natineum
361 1149 493 1215 sibimet
516 1154 711 1215 connexerat
733 1173 848 1236 unum,

10 1257 39 1306 35
59 1238 119 1305 eui
143 1239 213 1324 spei
234 1238 353 1320 fervor,
375 1239 451 1302 fidei
474 1237 622 1303 caritatis
646 1242 680 1302 et
702 1240 808 1323 ardor,

57 1329 256 1414 Ingenianus
280 1331 352 1391 erat
373 1348 506 1409 nomen,
530 1327 661 1392 dileetio
686 1327 818 1413 duplex,
847 1396 850 1400 ,

58 1414 257 1502 Simplicitas
281 1415 332 1478 illi
355 1416 504 1500 prudens,
527 1415 701 1499 prudentia
724 1417 875 1502 simplex,

58 1503 192 1570 Sobrius
217 1508 391 1589 airastus,
415 1508 532 1569 ounota
555 1503 702 1569 bonitate
726 1503 871 1570 decorus.

189 1659 193 1667 '
288 1659 330 1716 De
348 1660 575 1731 peregrinatione
595 1661 686 1716 saneti
705 1660 839 1716 Cassiani.

56 1770 117 1834 His
143 1770 263 1835 etenim
287 1775 420 1856 saeptus
445 1770 541 1835 sooiis
565 1791 740 1854 cursusque
763 1770 924 1836 ministris

10 1875 39 1924 οο
57 1858 195 1924 Inolitus
219 1860 356 1924 antistes
380 1859 565 1942 dominique
589 1859 681 1924 exsul
704 1858 889 1925 luculentus

57 1945 175 2031 Coepit
197 1947 260 2014 iter
283 1948 428 2033 gaudens
452 1952 485 2012 et
509 1969 619 2012 amore
642 1947 694 2012 dei
716 1947 933 2032 proficiscens,

57 2035 221 2121 Linquens
244 2035 447 2123 Aegyptum,
470 2035 630 2120 petiturus
653 2058 709 2100 rus
732 2036 929 2102 Aeduorum.

56 2124 134 2190 Mox
156 2124 247 2189 urbis
270 2125 358 2209 legio
382 2125 532 2211 digressu
555 2129 645 2189 mota
668 2146 819 2208 supremo

56 2211 268 2296 Prosequitur
290 2214 415 2300 lugens,
440 2217 532 2278 aetus
555 2213 659 2298 patris
682 2213 902 2301 reminiscens.

10 2316 38 2365 oo
56 2301 237 2366 Plorabant
258 2324 324 2367 una
347 2301 490 2368 dieentes
513 2324 592 2367 voce
616 2323 749 2368 sonora:

57 2388 236 2476 ‘cognatas
260 2391 358 2456 urbes
382 2390 546 2476 quondam
568 2391 772 2476 populosque
794 2391 906 2459 fideles

56 2476 209 2544 Fuloibas
233 2479 325 2545 donis
349 2484 383 2545 61
406 2479 528 2563 alebas,
551 2480 602 2545 vir
625 2480 769 2563 pietatis.

57 2566 119 2632 Pro
143 2567 252 2632 dolor!
277 2590 349 2633 6666
372 2569 527 2652 relinquis
551 2589 617 2651 eos,
638 2569 781 2652 pretiose
805 2568 964 2634 sacerdos.

58 2653 128 2730 Quo
151 2659 210 2721 tua
233 2659 348 2723 sancta
370 2656 450 2722 fides
473 2656 569 2721 nobis
591 2655 657 2720 iam
681 2656 803 2722 eredita
826 2656 950 2722 callet?

9 2759 39 2808 10
57 2742 221 2809 Externos
243 2767 410 2833 properas,
432 2745 529 2811 nobis
552 2765 701 2830 praeesse
724 2743 858 2809 refutas.

128 2993 180 3044 285
205 2994 222 3041 0
243 2987 442 3045 ‘Presbiteros’
467 2996 484 3043 0
505 2987 665 3044 ‘didimum’
691 2995 712 3041 r
734 2986 900 3044 ‘Didimum’
975 2993 1028 3043 286
1050 2994 1072 3040 r

58 3058 194 3121 eluentes’
260 3065 312 3115 290
332 3066 356 3120 E
374 3061 494 3129 ‘aequos'
557 3065 610 3117 288
632 3066 654 3112 r
675 3060 819 3115 ‘Arcades'
880 3063 933 3114 289
955 3064 982 3112 r-
998 3058 1072 3114 ‘item

55 3130 191 3198 proferre'
207 3130 237 3186 in
256 3129 384 3199 margine
399 3131 538 3187 ‘ouantes’
586 3137 638 3186 292
653 3129 799 3187 u‘oordia’
811 3145 862 3199 par
874 3129 1072 3199 oompeudium

58 3201 191 3271 seriptum
237 3207 290 3257 290
304 3208 325 3254 r
337 3201 454 3269 ‘Statua
470 3202 572 3257 Amon'
585 3208 602 3257 0
614 3201 823 3269 ‘armatarum
863 3206 917 3255 294
931 3205 949 3252 0
962 3200 1071 3257 ‘notho

58 3272 149 3328 ueum’
165 3278 186 3324 r
202 3271 405 3328 ‘Neroneum’
422 3278 439 3323 0
455 3272 627 3328 ‘oonexerat’
678 3277 730 3326 299
745 3279 762 3324 0
778 3272 897 3341 ‘septus’
912 3277 934 3324 r
949 3270 1069 3341 ‘septem'

58 3347 110 3398 300
123 3348 145 3396 r
157 3342 301 3412 ‘inclytus’
313 3351 332 3397 0
343 3343 430 3398 ‘exul’
474 3350 525 3399 302
541 3344 629 3398 011116
644 3342 789 3397 eduorum'
804 3348 826 3397 1¹¹
838 3342 907 3398 ‘Rus
916 3340 1070 3398 Eduorum'

58 3412 88 3468 in
113 3414 255 3484 margine:
283 3413 350 3468 hino
376 3417 457 3484 patet
483 3418 628 3470 auctorem
655 3413 738 3468 huius
762 3413 837 3468 vitae
861 3412 975 3469 Gallum
1002 3429 1071 3467 esse.

59 3480 139 3540 Siout
162 3483 238 3540 enim
258 3483 334 3540 Galli
356 3485 456 3553 lingua
477 3503 528 3540 sua
545 3485 699 3540 vernacula
721 3483 819 3538 urbem
836 3482 942 3538 Villam
965 3483 1071 3551 1161111,
1151 3502 1165 3529 ·:

59 3553 99 3610 616
116 3555 177 3627 ipse
196 3555 286 3612 latine
304 3556 429 3612 reddidit
447 3556 513 3612 Rus.
568 3561 660 3610 30811
680 3555 773 3625 ‘proh’
1158 3546 1165 3575 ¹
