2354 3946
106 168 169 234 128
354 168 428 225 VIII.
457 167 611 225 chanun
629 168 677 224 DE
697 168 724 224 S.
742 166 860 225 tucn.

102 331 179 397 Non
203 333 298 398 datur
322 333 450 417 aequali
474 333 609 416 paribus
633 333 685 397 vel
710 333 804 396 lance
827 331 942 397 (llebus

104 421 269 506 Obsequio
294 421 396 486 subici
420 458 462 467 -
487 421 589 486 donec
614 421 780 485 miscerier
802 420 888 484 idem

103 510 269 596 Propitius
294 510 422 574 miseris
446 509 614 574 advenerit
638 509 762 573 arbiter
785 508 884 574 orbis.

50 614 84 664 25
104 598 195 665 Tunc
219 620 321 682 genus
344 599 522 662 humanum
547 598 704 682 disruptis
727 597 865 662 nexibus
890 597 998 663 hostis

103 688 241 772 Antiqui
264 687 360 752 rediit
384 709 517 752 cernens
542 687 582 750 ad
605 688 897 770 cunctipotentem,

104 776 206 852 Quem
230 777 286 860 qui
310 780 417 840 mente
440 777 543 857 videt,
567 797 696 839 securus
720 775 819 839 noxia
842 775 936 841 vitat.

103 866 189 930 Hine
212 865 378 930 descendit
402 886 493 928 amor
517 864 640 929 carnali
663 866 794 928 nectare
818 865 925 928 maior

103 954 143 1018 ln
166 958 292 1017 mentes
316 953 397 1016 inibi
421 953 586 1018 contraria
610 974 755 1037 quaeque
778 952 955 1027 trucidans,
984 991 1022 1000 -

50 1059 85 1108 30
105 1040 159 1106 Sic
183 1042 345 1126 scriptura
368 1044 477 1105 sonat:
501 1039 602 1105 ‘mors
626 1045 663 1105 ut
687 1040 818 1106 dilectio
842 1040 951 1106 fortis'
975 1079 1014 1089 —

104 1129 184 1210 Quo,
207 1129 284 1192 licet
308 1130 449 1192 exterius
474 1128 612 1193 videaris
636 1128 759 1193 femina
783 1151 874 1213 sexu,

104 1216 193 1291 Quae
217 1216 409 1301 quandoque
433 1217 520 1280 valet
543 1216 632 1282 facili
656 1218 822 1281 molimine
845 1217 948 1301 flecti,

104 1304 152 1369 Tu
176 1311 288 1370 tamen
310 1305 446 1369 interius
469 1305 597 1370 redoles
622 1307 829 1370 vehementer
853 1329 975 1372 amore.

104 1394 231 1479 Quippe
255 1395 339 1459 aliae
363 1417 437 1458 cum
460 1394 598 1459 tendant
621 1395 662 1460 ad
685 1394 881 1481 vagabunda
904 1397 1036 1481 puellae
1120 1426 1125 1435 ¹

52 1499 85 1548 35
105 1481 210 1568 Seque
235 1483 344 1548 sinant
367 1505 461 1548 caeco
484 1484 561 1567 igne
583 1483 656 1566 rapi
679 1483 859 1568 primisque
882 1484 1073 1567 hymenaeis

103 1571 246 1656 Incipiat
269 1578 387 1638 natura
410 1573 518 1658 coqui,
544 1610 582 1619 -
602 1571 715 1637 Venus
739 1576 836 1656 atque
859 1571 986 1639 Lucina

104 1660 299 1745 Intorquent
323 1666 440 1745 aestus,
464 1661 588 1726 iactant
611 1662 646 1725 in
668 1660 793 1726 viscera
816 1662 905 1726 virus
929 1699 967 1710 -

105 1748 155 1813 Tu
178 1751 291 1838 procul
314 1751 376 1815 hoe
400 1750 544 1814 studium
567 1750 694 1835 fugiens
718 1749 829 1834 potius
853 1750 990 1816 voluisti

106 1836 263 1904 Conubiis
287 1839 379 1926 iungi
402 1839 596 1904 caelestibus
620 1843 716 1922 atque
739 1839 850 1905 vocari

52 1945 86 1992 40
106 1925 240 2012 Semper
264 1929 368 1993 amica
392 1928 456 2011 dei,
480 1928 536 2013 qui
558 1931 675 2013 regnat
698 1927 733 1990 in
756 1926 897 2011 aethere,
923 1931 1060 2015 summi,

107 2014 207 2082 Cmus
231 2040 265 2082 es
290 2017 440 2101 amplexu
463 2039 596 2102 prorsus
620 2016 747 2080 macula
771 2021 803 2080 et
826 2015 896 2079 sine
919 2038 1006 2103 ruga

106 2104 218 2188 Casta,
241 2106 371 2189 pudica,
394 2106 520 2190 ingens,
543 2105 704 2189 speciosa,
728 2105 857 2188 decora,
881 2104 988 2172 fidelis

105 2193 273 2276 Virgoque
296 2194 451 2277 virgineis
475 2193 697 2277 comperiam
721 2193 808 2258 facta
832 2192 969 2260 choreis.

104 2280 243 2365 Exiguis
267 2280 352 2344 votis
377 2281 464 2344 adsis
487 2284 545 2344 tua
568 2285 663 2365 gesta
686 2281 832 2346 canentis

53 2387 86 2433 45
107 2367 306 2452 Sudantique
330 2368 401 2431 viae
424 2389 528 2451 prona
551 2391 645 2453 prece
669 2369 781 2435 suffice
805 2374 965 2456 sumptus.

106 2455 210 2521 Saeva
232 2460 446 2541 tyrannorum
469 2456 610 2522 flammis
634 2480 769 2523 accensa
790 2459 910 2524 furoris

106 2544 271 2610 Adversus
297 2546 463 2611 domiuum
485 2547 593 2613 rabies
617 2547 757 2614 surrexit
781 2549 905 2613 eteius

106 2634 272 2700 Adversus
297 2635 480 2723 Christum,
502 2643 677 2725 postquam
700 2639 866 2722 superavit
890 2638 1062 2708 Avernum

106 2721 224 2788 Mortis
249 2729 281 2788 et
303 2726 476 2809 imperium
501 2729 692 2814 solvensque
716 2727 849 2792 inimica
871 2731 1041 2810 potenter.

53 2825 87 2875 50
106 2810 210 2875 (larue
235 2835 293 2877 sua
316 2819 430 2879 sancta
454 2838 550 2899 super
573 2840 671 2882 aurea
695 2817 802 2881 sidera
825 2815 966 2880 formam

106 2898 249 2964 Vexerat
271 2901 458 2967 humanam.
506 2903 642 2969 Suboles
666 2905 741 2967 hino
765 2904 879 2969 inclita
903 2906 1018 2970 matris

105 2986 272 3054 Ecclesiae
297 2991 404 3075 coepit
427 2992 586 3074 pressuris
611 2991 821 3073 multiplicari

106 3075 385 3163 Christicolasque
410 3080 496 3164 parit
520 3084 655 3164 strages,
679 3079 830 3144 mirabile
854 3080 959 3146 dictu!

177 3256 210 3303 23
228 3251 371 3306 ‘misericr'
424 3259 459 3306 24
475 3251 641 3322 ‘Propicius’
690 3257 723 3306 27
741 3252 835 3307 ‘uitat’
852 3254 963 3323 syllaba
981 3258 1123 3324 posterior

107 3323 232 3376 correcta
304 3328 338 3376 29
359 3324 490 3392 ‘queque’
557 3329 590 3378 32
612 3321 712 3377 ‘ualet'
743 3341 796 3380 sec.
821 3343 907 3380 manu
937 3326 967 3380 in
994 3329 1123 3395 margine

107 3391 259 3460 ascriptum
311 3395 492 3464 35‘etpnunt'
510 3392 677 3462 ‘hymeneis’
726 3401 760 3448 36
772 3395 901 3464 ‘quoqui’
950 3398 1120 3467 38‘pocius’

107 3471 142 3519 42
163 3462 289 3533 '‘decora'
325 3481 379 3519 sec.
409 3484 492 3520 manu
523 3464 554 3516 in
586 3465 711 3534 margine
749 3465 877 3520 auditum
960 3474 995 3520 44
1026 3469 1119 3525 ‘assis’

108 3541 143 3592 4ss
158 3535 253 3592 ‘Seue'
273 3533 471 3590 ‘tirannorum'
514 3535 681 3604 50‘sydera’
727 3539 759 3588 51
774 3536 905 3590 ‘soboles'
950 3543 983 3590 52
1001 3539 1118 3610 ‘caepit’
