2354 3946
378 160 414 216 ΙΙ.
443 159 490 214 DE
508 159 735 216 PRONOMINE.
1008 163 1069 228 129

54 332 134 377 oete:
149 315 183 377 et
198 312 383 378 econtrario
398 334 479 396 quse
494 313 649 397 praeponi
660 316 857 397 oportuerat,
874 314 1068 400 inlegittime

54 400 288 480 postponuntur
315 398 490 462 secundum
514 398 742 462 Gallienum
771 399 805 462 in
835 399 972 482 quadum
1001 401 1067 482 epi-

59 480 132 545 stole
152 483 366 548 scribentem:
396 485 478 549 sciat
498 483 549 547 bic
570 485 605 548 ic
627 502 690 547 sese
711 485 919 548 uindicatum.
959 483 1069 548 debuit

61 566 135 630 enim
156 566 262 631 dicere
284 567 336 632 bic
355 569 443 632 sciat.
480 565 630 632 Rectium
645 589 771 651 quoque
786 568 975 651 prauissime
992 569 1067 632 scri·

62 649 129 714 bens
148 651 195 715 ite
217 651 332 715 effetus
355 655 418 716 est:
441 653 470 716 is
492 658 562 716 erut
581 653 636 717 uir
656 653 751 717 ualde
773 653 872 718 bouus
887 658 915 717 et
929 655 1067 719 monime
1093 673 1105 713 5

63 736 191 815 perdens.
230 736 374 819 oportuit
402 757 489 819 eum,
517 737 544 800 si
573 737 697 801 cerebri
719 737 768 800 sui
792 758 921 821 compos
943 737 1066 816 fuisset,

10 836 12 845 ·
66 818 103 882 iu
122 841 299 904 conponere
318 822 442 886 eratis
468 821 563 886 ualde
585 823 683 886 bonus
704 823 767 886 uir.
808 821 870 886 hoc
892 822 927 885 in
948 844 1067 904 prono·

69 903 186 969 minibus
216 905 337 984 fecere,
373 907 458 988 quod
493 905 590 969 etiem
617 907 650 969 in
681 906 875 988 copuletiuis
905 907 1067 971 contrario

70 987 143 1052 nodo
167 1010 244 1073 sepe
269 992 453 1073 posuerint,
486 1011 622 1073 quorum
651 990 796 1054 ordinem
826 996 1066 1073 corrumpentes

70 1088 114 1152 otc
136 1074 352 1157 copulatiuem
381 1074 643 1139 coniunctionem
665 1079 881 1158 proponentes
904 1081 933 1141 et
954 1076 1066 1140 ordine
1081 1098 1105 1138 ιο

70 1159 301 1242 postposuerint:
341 1159 425 1223 sicut
458 1159 588 1243 quidam
621 1160 761 1224 Gallus
793 1164 902 1224 noster
936 1161 1065 1244 quidem

72 1239 224 1307 bebtizetus
255 1246 370 1308 contra
390 1247 504 1328 gentes
527 1265 626 1329 egens
649 1246 787 1310 odorant
808 1246 919 1328 inquid
943 1248 1066 1327 quidem

70 1325 197 1410 cleroque
225 1329 351 1411 lunam,
381 1349 454 1393 cum
481 1328 645 1392 debuisset
671 1330 776 1393 dicere
805 1331 945 1395 odorent
971 1332 1066 1396 solem

70 1407 226 1494 lucumque.
262 1413 499 1478 Torrentius
522 1434 648 1497 quoque
663 1413 869 1478 Terrentii
891 1415 975 1478 filius
992 1437 1066 1479 eon-

69 1494 146 1560 trurie
159 1499 230 1562 uice
245 1497 354 1581 posuit
367 1500 436 1563 uiri
450 1498 595 1563 mulieres
609 1504 646 1579 et,
670 1499 780 1564 debuit
795 1499 881 1563 enim
896 1499 1106 1563 manifestere

67 1575 150 1645 dicere
171 1583 238 1647 uiri
259 1587 289 1648 et
309 1583 462 1647 mulieres.

133 1665 235 1730 Multa
256 1667 355 1730 hebui
378 1665 561 1731 huiusmodi
577 1687 658 1750 quae
675 1667 828 1731 disserere
844 1667 979 1749 possim,
1001 1666 1064 1730 nisi

10 1772 13 1823 ς
65 1748 125 1830 quic
143 1750 338 1835 perlongum
361 1754 409 1815 est
431 1752 541 1815 omnic
555 1753 757 1832 perscrutari.
796 1751 978 1814 sicutenim
994 1751 1065 1832 quis

64 1832 207 1899 uiotorum
235 1837 290 1900 uic
317 1837 484 1920 proposita
505 1835 669 1920 gradiens,
700 1836 727 1898 si
749 1835 812 1899 elie
835 1835 948 1897 semita
971 1833 1066 1897 decli·

62 1936 125 1983 nere
145 1920 303 2000 uoluerit,
328 1923 362 1984 in
377 1941 443 1984 non
458 1942 576 2004 paruus
591 1921 716 1985 itineris
732 1920 780 1983 sui
795 1919 932 1983 incurrit
949 1938 1064 1996 morae,
1079 1941 1104 1980 ro

60 2004 217 2088 praecipue
240 2006 267 2070 si
289 2005 443 2069 festinare
465 2005 684 2089 proposuerit,
707 2005 753 2068 ite
776 2007 808 2068 et
831 2004 885 2087 qui
906 2003 1065 2067 scribendi

59 2087 151 2154 officio
181 2111 214 2153 se
243 2090 378 2170 dedunt,
408 2089 435 2153 si
463 2091 568 2173 operis
597 2089 718 2172 arrepti
746 2090 807 2153 iter
836 2088 973 2173 ingressi
1002 2088 1066 2152 alia

58 2169 129 2237 inter
160 2175 283 2258 scripte
315 2178 508 2258 properent,
545 2175 679 2239 multam
711 2176 745 2237 in
777 2195 872 2256 opere
902 2194 960 2237 suo
990 2193 1065 2236 con-

56 2258 345 2338 perendinationem
367 2280 497 2323 neeesse
520 2257 687 2323 habebunt
708 2259 849 2323 incidere
872 2259 907 2322 in
928 2261 1063 2335 tentum,

54 2345 82 2405 ut
109 2343 222 2407 multis
256 2344 535 2408 interiectionibus
568 2343 731 2426 occupati,
771 2365 867 2427 quem
901 2344 1065 2425 potissime
1078 2363 1104 2404 se

53 2426 128 2492 niem
157 2428 364 2513 gradiantur,
394 2450 413 2493 a
439 2428 603 2492 nonnullis
626 2428 760 2511 incipiat
781 2429 936 2512 ignorari.
981 2428 1065 2491 unde

52 2514 79 2575 ct
95 2512 271 2578 lectoribus
287 2512 397 2576 multis
411 2515 502 2577 nasci
517 2512 643 2577 uideam
658 2512 841 2596 fastidium,
865 2512 941 2576 dum
956 2511 1065 2596 longis

51 2596 205 2661 scribendi
233 2597 420 2662 circuitibus
447 2597 579 2682 fatigati
608 2597 693 2680 cepti
716 2618 828 2662 sensus
851 2598 913 2661 iter
934 2596 1065 2661 tandem

50 2678 224 2748 inueniunt.
261 2682 438 2747 rectissime
461 2683 580 2746 etenim
603 2682 719 2765 pedum
741 2683 873 2747 nomine
896 2682 1063 2748 hominum

49 2766 143 2830 mimi
152 2769 323 2850 uocantur,
340 2767 394 2849 qui
409 2788 466 2850 per
477 2788 607 2850 campos
620 2767 864 2832 meditationum
876 2767 1062 2850 sapientiae,
1079 2786 1104 2825 so

49 2849 138 2915 siluas
162 2872 291 2935 quoque
315 2850 576 2916 difficillimarum
600 2853 822 2934 quaestionum
843 2853 905 2915 iter
920 2853 1063 2934 agentes,

48 2932 251 3000 festinatione
273 2957 399 3020 semper
420 2936 621 3000 inmoderate
643 2937 677 2999 in
699 2940 827 3000 tentum
849 2939 885 2998 ut
905 2934 1065 2997 lasescant

48 3018 91 3083 die
104 3024 271 3104 noctuque
286 3024 421 3085 utuntur
437 3023 529 3085 tento
546 3020 702 3085 desiderio
719 3021 858 3101 accensi,
875 3021 911 3080 ut
925 3038 1063 3093 sensum,

48 3105 94 3186 qui
117 3105 201 3169 latet
221 3105 275 3169 uel
299 3106 354 3188 qui
376 3105 537 3189 differtur,
562 3106 626 3170 cito
649 3105 795 3169 inuenire
817 3101 1008 3166 desiderunt.

108 3291 190 3345 'leis
211 3291 247 3345 N
260 3292 270 3359 l
288 3295 303 3345 9
322 3307 441 3358 querum
464 3291 498 3344 N
511 3291 521 3359 ΙΙ
539 3296 571 3345 10
596 3305 668 3359 quae
686 3289 720 3342 N
733 3290 742 3355 ΙΙ
759 3302 810 3355 pro
834 3285 959 3352 onentes]
983 3300 1063 3353 pree·

46 3361 176 3424 ponentes
194 3359 283 3428 Maill
297 3364 327 3412 11
347 3358 496 3428 pposuerit
512 3359 546 3412 N
555 3360 565 3428 ΙΙ
581 3364 610 3412 19
629 3355 764 3410 declinari
825 3355 879 3423 {122
898 3352 989 3406 offitio
1007 3355 1041 3410 N
1050 3352 1062 3423 ll
1158 3428 1161 3435 Ι

46 3463 73 3514 c
88 3461 174 3516 mnu
192 3461 251 3530 up
268 3466 302 3516 ss
320 3459 409 3514 caure
427 3459 461 3515 N
475 3461 485 3528 l
499 3465 532 3515 er
550 3427 735 3512 disserturus.

90 3556 168 3606 virgil
183 3556 218 3598 ed
231 3557 343 3597 Euemer.
845 3547 860 3595 9
