2422 3976
447 163 494 222 111.
520 133 655 222 viras.
674 165 822 223 nansnr.
1097 170 1141 236 33

127 324 178 391 ‘In
200 329 297 393 terris
320 328 444 412 pariter
466 329 548 394 bene
570 350 635 411 pax
659 328 843 394 viventibus
867 329 974 395 alma?

54 428 107 478 385
126 415 204 481 Inde
228 420 261 481 et
285 416 414 481 ‘Amen'
439 421 571 482 resonat
593 438 657 481 vox
681 417 867 482 credentum
889 420 1096 504 populorum.

125 505 195 569 Rex
220 527 348 590 quoque
372 506 411 570 de
434 506 537 591 signis
561 505 655 571 valdo
679 511 729 569 est
751 508 945 589 perterritus
969 509 1052 592 istis,

126 592 189 658 Sed
212 599 323 658 tamen
345 597 490 660 armatos
514 594 611 659 iussit
631 597 702 657 tum
725 615 860 678 pergere
883 594 1014 679 multos,

125 683 173 748 Ut
196 683 306 768 gladio
329 684 494 767 perimant
517 685 659 766 cunctos,
683 684 739 766 qui
762 684 890 748 credere
913 685 1035 750 vellent

125 771 187 836 Per
200 771 360 837 famulum
375 770 498 837 Christi
517 773 551 836 in
565 773 732 836 dominum
747 775 780 836 et
794 772 960 855 baptisma
973 778 1138 858 rogarent.

54 873 107 921 300
127 859 301 925 Camifices
325 860 464 944 populos
487 860 638 946 iugulant
660 864 738 925 tunc
761 862 1033 945 martyrizandos3

125 949 300 1014 Adducunt
321 953 373 1013 ter
395 949 553 1013 donator
575 952 609 1012 et
631 952 767 1013 centena
791 949 946 1034 virorum,

126 1036 188 1113 Qui
211 1038 346 1122 cupiunt
367 1058 489 1122 magno
514 1059 548 1101 se
571 1037 796 1102 commendare
819 1039 987 1123 magistro.

125 1126 195 1190 Hos
219 1126 373 1190 hortatur
396 1127 483 1190 enim
507 1129 638 1190 sanctus
662 1126 823 1190 solamina
846 1126 1020 1210 praebens:
1113 1135 1115 1138 ’

126 1213 206 1279 ‘Vos
230 1214 338 1279 cuncti
360 1215 500 1279 feliciter
522 1215 568 1279 ite
590 1215 625 1278 in
646 1216 778 1278 nomine
801 1212 925 1279 Christi

54 1316 106 1364 395
125 1303 178 1367 Ad
201 1304 354 1387 requiem,
378 1303 527 1367 dominus
551 1325 649 1387 quam
672 1303 765 1367 vobis
788 1302 918 1386 iamque
940 1304 1081 1385 paravit.

125 1391 189 1455 Ast
208 1414 268 1476 ego
282 1396 359 1475 post
379 1392 541 1457 modicum
559 1397 688 1475 tempus
705 1392 831 1456 veniam
849 1412 987 1476 propere
1002 1391 1044 1455 ad
1057 1389 1137 1458 vos?
1155 1423 1210 1464 aa

125 1479 301 1544 Currentes
324 1481 423 1544 etiam
446 1480 612 1565 angelicae
635 1501 693 1563 per
715 1479 830 1544 nubila
851 1485 978 1544 turmae

125 1568 308 1632 Adfnerant
331 1568 457 1632 animas
479 1573 652 1654 promptae
676 1568 905 1653 comprendere
929 1572 1061 1633 sanctas

125 1657 336 1741 Psallensque
359 1657 395 1721 in
417 1657 507 1722 caelo
531 1678 650 1742 magna
672 1678 736 1721 vox
757 1660 914 1741 personat
936 1657 1075 1721 addans:

54 1759 107 1806 400
126 1744 240 1810 ‘Recta
262 1748 315 1810 via
339 1751 389 1810 est
412 1749 500 1810 certe
523 1749 711 1810 sanctorum
733 1745 768 1809 in
791 1744 922 1810 saecula
943 1749 1052 1829 parta:

125 1833 244 1898 Reddit
266 1834 329 1897 iter
352 1834 501 1898 dominus
524 1834 619 1898 iustis
643 1835 677 1898 in
700 1855 803 1920 regna
824 1833 996 1917 polorum?

126 1921 233 1996 Quam
256 1922 399 1985 animum
423 1922 529 1987 causis
551 1923 682 2006 praesul
706 1922 869 2008 gaudebat
891 1923 925 1986 in
948 1922 1032 2006 istis,

124 2008 387 2094 Multiplicesque
410 2009 470 2075 deo
494 2013 605 2095 grates
629 2033 726 2095 quam
749 2010 890 2076 reddidit
913 2011 1016 2074 almo!

126 2095 261 2172 Quando
286 2118 420 2185 gregem
443 2103 479 2162 ut
501 2103 616 2183 pastor
640 2099 760 2185 gaudet
782 2099 956 2184 perducere
980 2120 1097 2163 sanum

53 2200 106 2249 405
126 2187 233 2271 Atque
256 2187 291 2251 in
315 2186 399 2252 ovile
422 2209 517 2251 suum
540 2187 626 2252 cludi
650 2211 670 2252 a
692 2191 790 2273 pastu
814 2189 981 2271 satiatum,

125 2274 179 2340 Sic
203 2276 324 2362 gaudet
348 2279 478 2341 sanctus
500 2276 631 2360 plebem
654 2278 750 2342 modo
773 2278 901 2341 tradere
925 2274 1068 2341 Christo.

123 2363 202 2428 Inde
224 2365 344 2429 iterum
367 2362 489 2429 Caesar
510 2365 607 2429 iussit
630 2366 859 2451 comprendere
882 2367 1005 2430 iustum

124 2451 349 2536 Militibusque
373 2454 441 2517 suis
464 2454 553 2519 varie
576 2457 741 2519 tormenta
763 2476 888 2537 parare.

123 2539 214 2604 Inter
238 2563 320 2625 quae
342 2541 450 2606 fuerat
472 2543 583 2606 tunica
606 2547 684 2607 tuno
707 2564 802 2606 aerea
825 2543 958 2627 quippe;
1154 2580 1170 2619 f,

53 2644 105 2692 410
123 2627 217 2693 Illius
241 2633 387 2694 staturae
411 2652 514 2715 appar
535 2630 599 2694 fuit
621 2630 702 2694 haec
724 2633 868 2712 operata.

124 2716 195 2791 Qua
217 2718 362 2783 fervente
386 2720 485 2783 etiam
508 2719 606 2782 iussit
628 2718 776 2782 vestirier
798 2719 892 2784 illum

124 2804 168 2868 Et
192 2806 287 2870 dixit:
311 2806 426 2873 ‘Video
450 2829 544 2890 nunc,
568 2805 697 2871 sidens
721 2807 819 2891 eripit
841 2805 956 2872 illum?

123 2893 213 2958 Tunc
233 2916 360 2979 quoque
378 2896 577 2979 perspiciens
600 2894 680 2960 haec
704 2899 835 2960 sanctus
854 2896 1026 2980 episcopus
1050 2897 1135 2961 infit:

125 2980 164 3044 ‘O
188 3005 244 3045 rex
267 2983 400 3067 punitor
422 2988 529 3047 tortor
553 2985 761 3048 saevissimus
785 2987 895 3067 atque3

52 3085 104 3134 415
124 3069 210 3134 Nam
235 3073 364 3154 genitus
389 3072 581 3137 maledictus
605 3075 675 3137 esto
699 3073 737 3136 de
761 3072 928 3136 daemonis
951 3072 1034 3136 alvo.

195 3249 248 3298 384
264 3244 435 3299 ‘inuentibus
449 3245 518 3300 alla'
534 3245 654 3300 alterum
667 3245 679 3298 l
693 3245 818 3301 deletum
832 3247 861 3301 et
874 3264 902 3299 m
918 3245 1136 3314 superscriptum

123 3320 175 3368 385
195 3316 276 3371 ‘reso’
350 3320 402 3370 388
423 3315 542 3370 ‘coctos'
563 3335 581 3370 n
600 3334 735 3387 superscr.
809 3322 861 3371 303
883 3316 1014 3371 ‘ortatur'
1084 3322 1138 3371 308,

125 3386 257 3454 ‘promte'
313 3392 366 3441 400
387 3387 503 3442 ‘secula'
559 3393 613 3443 405
633 3387 794 3443 ‘sociatum'
851 3392 902 3442 407
925 3387 1026 3442 ‘cesar'
1083 3393 1135 3442 409

124 3456 202 3580 [ique'
228 3459 318 3554 ferea'
384 3463 437 3512 410
457 3459 575 3514 ‘stature
599 3459 697 3529 adpar'
761 3464 816 3512 414
835 3458 1018 3514 ‘senissimus'
1061 3464 1137 3514 ‘415

144 3545 250 3583 emoms

176 3626 305 3679 Husrna,
320 3629 399 3669 vnn
415 3639 568 3672 snrcronurr.
967 3623 989 3668 Ἃ
