2422 3976
139 191 180 256 48
373 187 528 244 VIRGILII
544 188 711 244 MARONIS
728 186 926 243 ΕΡΙΤΟΜΑΕ.

140 346 189 408 est
203 342 284 406 aliut
297 362 476 426 pronomen
489 345 641 406 neutrum
649 391 657 422 ,
681 342 766 425 quod
780 343 907 423 praeter
920 340 1155 406 nominatiuum

140 427 242 492 solum
265 427 389 492 nullam
410 425 657 491 declinationem
679 426 778 490 habet
798 428 835 488 ut
855 445 923 491 mos
943 424 977 489 id
999 427 1051 489 est
1066 426 1154 492 aliut.

139 516 215 577 sunt
243 512 297 596 qui
324 532 478 596 personas
500 511 715 660 eoniunpunt,
743 509 857 594 quibus
878 509 969 574 nullo
990 509 1087 575 modo
1109 530 1156 577 ac·

141 596 369 681 quiescendum
397 599 446 660 est
473 599 510 660 ut
530 617 583 679 epo
605 597 674 677 alc,
702 600 736 660 ia
758 596 818 661 illa
854 615 932 659 nam
953 598 1083 678 praetor
1104 595 1157 661 illa

115 703 127 742 5
142 681 349 764 pronomina,
366 702 447 764 quae
463 682 551 746 omni
565 701 719 765 personae
735 679 946 761 conueniunt,
962 679 1070 744 omnis
1086 701 1155 745 con-

140 766 263 831 iunctio
292 765 368 830 talis
397 765 590 832 exsecranda
619 767 676 830 est.
713 766 797 831 solas
824 785 882 848 per
910 784 1022 829 omnes
1050 785 1156 830 cassus

140 854 268 935 praeter
299 851 458 934 pluralem
490 851 670 947 genitiuum
699 849 785 914 flecti
818 848 922 914 debet.
966 850 1157 932 pronomina

140 935 332 1018 quantitatis
357 939 390 999 et
415 935 581 1018 quahtatis
607 934 856 999 declinationem
878 934 928 998 sui
952 954 1022 998 non
1047 954 1156 1001 secun·

141 1021 216 1084 dum
238 1018 383 1103 regulam
405 1019 635 1083 flectendorum
656 1019 886 1103 pronominum
908 1018 964 1083 scd
982 1018 1157 1084 secundum

104 1121 128 1160 ιο
142 1103 386 1167 similitudinem
402 1103 598 1168 adieotorum
613 1104 829 1189 habebuntuut
843 1104 949 1184 qualis
958 1104 1045 1187 talis,
1057 1125 1156 1184 quaa

141 1195 191 1252 tas
217 1192 334 1253 tantus.
372 1187 427 1253 sed
454 1187 517 1253 hoc
544 1188 617 1253 ideo
645 1188 776 1270 accidit,
805 1189 880 1272 quia
908 1208 946 1251 ex
967 1187 1157 1272 primiano

140 1271 280 1337 minibus
302 1271 439 1337 ueniunt
460 1276 498 1337 ut
519 1274 660 1356 qualitas
681 1275 806 1355 latitas,
829 1274 991 1352 quantitas
1014 1275 1156 1339 tantitas.
1199 1306 1201 1327 ι

141 1360 218 1420 sunt
240 1356 374 1438 atalia,
396 1378 477 1440 quas
500 1379 519 1422 a
541 1358 732 1441 quibusdam
746 1358 823 1422 licet
837 1358 1017 1441 incongrua
1033 1357 1157 1423 rationu
1199 1374 1201 1429 ξ

140 1441 323 1505 introducta
345 1447 420 1506 sunt
441 1446 477 1506 ut
499 1448 668 1524 caracteius
689 1448 841 1520 iactatas,
871 1442 1037 1527 genitiuus
1058 1463 1157 1523 quaa·
1199 1444 1201 1481 ²

104 1541 128 1580 1⁵
141 1527 235 1591 lotias
257 1529 408 1592 luctatius
430 1527 615 1610 etreliqua,
638 1528 752 1611 quibus
769 1526 970 1592 Fabianus
985 1531 1083 1611 poeta
1097 1529 1158 1592 fre·
1199 1580 1201 1589 .

140 1614 276 1694 quanter
303 1611 352 1675 uti
379 1610 516 1690 solebat,
545 1613 629 1677 sicut
655 1613 691 1676 in
718 1611 855 1696 quodam
882 1633 977 1677 uersu
1003 1612 1158 1699 eliganter

139 1696 248 1778 posuit
270 1701 438 1775 qaantotae
459 1701 531 1762 tace
552 1701 664 1762 masat
684 1698 881 1763 carminibus
895 1696 1026 1763 Iuliane
1047 1715 1157 1764 arares
1199 1708 1201 1719 '

140 1786 243 1862 aptae.
281 1783 356 1845 sunt
384 1781 439 1865 qui
460 1784 579 1865 putant
601 1782 800 1846 deminutiua
820 1782 872 1846 uel
895 1782 1070 1847 diriuatiua
1090 1802 1157 1867 pro-
1199 1818 1201 1865 g

140 1866 274 1929 nomina
294 1885 390 1949 posse
415 1866 588 1949 repperiri,
618 1888 752 1950 quorum
780 1888 839 1950 ego
868 1867 1073 1949 opinionibus
1100 1886 1157 1931 nec
1199 1870 1201 1923 ἱ

104 1967 129 2006 20
143 1952 292 2014 contraeo
315 1971 376 2015 nec
398 1956 508 2034 aperte
531 1951 699 2016 adsentior.
733 1951 933 2015 deminutiua
955 1954 1033 2016 sunt
1055 1955 1093 2016 ut
1112 1971 1157 2018 so·
1199 1962 1201 1971 '

142 2035 225 2100 lalus
251 2035 369 2101 atialus
390 2036 509 2101 caulas
536 2036 665 2119 totalas3
695 2035 865 2100 diriuatiua
893 2039 969 2100 sunt
990 2039 1028 2100 ut
1049 2036 1158 2104 amalis
1199 2046 1201 2051 '

142 2119 350 2184 icaiissaalis
363 2120 832 2186 australisaestralisalteralis.
854 2120 1158 2206 pronominaaqui·
1199 2122 1201 2177 ἷ

143 2202 277 2266 busdam
298 2224 357 2285 pro
371 2203 477 2267 uerbis
495 2204 530 2267 in
545 2204 668 2286 quassis
683 2204 896 2288 ponebantur,
920 2204 1006 2289 quod
1022 2204 1158 2271 delerra·

142 2288 243 2350 menti
272 2288 343 2351 uice
371 2287 477 2370 potuit
504 2287 654 2373 iudicari,
685 2310 757 2354 oum
782 2289 878 2354 etiam
900 2290 1005 2373 prima
1025 2291 1157 2356 nomina

104 2387 129 2427 2⁵
142 2371 249 2436 uerbis
275 2375 442 2455 nequeunt
469 2372 631 2438 anteferri.
667 2374 733 2459 legi
760 2374 795 2438 in
817 2375 954 2457 quodam
977 2373 1157 2460 Sibyllae

142 2455 362 2541 Carginiensis
384 2456 495 2521 libello.
515 2461 636 2539 templis
657 2461 752 2541 iaaac
762 2456 940 2542 parietibus
959 2460 1049 2526 diam
1063 2462 1156 2527 iaaac·

209 2647 233 2694 3.
252 2640 322 2698 Eae.
341 2642 428 2696 Bera.
447 2647 511 2712 194,
530 2647 560 2698 6.·
579 2642 651 2697 Sunt
669 2644 718 2711 qui
734 2659 869 2712 personas
888 2674 920 2684 -
937 2645 971 2698 ut
988 2659 1041 2713 ago
1061 2647 1093 2699 tu
1109 2644 1155 2698 illc

140 2737 173 2747 —
192 2709 243 2761 ost.
318 2710 626 2778 r.tbid.p.195,28:
652 2711 823 2766 Pronomina
845 2711 1014 2780 quantitatis
1036 2743 1071 2753 -
1093 2727 1155 2782 pro·

141 2775 305 2829 nomina-
323 2777 399 2843 quod
416 2809 449 2819 —
467 2780 593 2835 tantitas.

209 2951 294 2999 2-14
311 2947 401 3002 solum
418 2950 525 3004 nullam
543 2950 568 3007 d.
583 2947 610 3003 h.
631 2947 704 3001 solus
744 2963 788 3003 .o.
801 2963 825 3002 c.
839 2965 890 3016 per
908 2949 975 3019 gese
990 2951 1025 3017 pt
1036 2949 1104 3003 sunt
1115 2949 1157 3017 (ia

141 3028 192 3082 my.
213 3014 242 3066 et
260 3014 315 3067 alia
333 3032 389 3089 que
405 3017 435 3070 in
453 3035 504 3072 usu
522 3033 579 3072 non
596 3017 674 3083 sunt)
738 3017 864 3084 sequitur
881 3018 912 3070 ut
929 3017 1085 3084 quantotus
1101 3018 1111 3085 l
1128 3020 1158 3069 14

141 3081 300 3150 genetivus,
326 3086 355 3137 et
372 3084 421 3139 rel.
440 3100 490 3139 ora.
509 3085 544 3139 N
556 3086 566 3152 ΙΙ
584 3088 616 3137 16
633 3084 706 3136 sicut
722 3084 853 3138 fabianus
870 3084 901 3137 in
919 3082 1043 3150 quodam
1061 3096 1158 3139 vorsu*

143 3153 182 3210 (m
201 3150 280 3217 eras.)
302 3150 337 3205 N
349 3153 359 3220 ΙΙ
377 3158 409 3207 17
446 3159 487 3208 ost
509 3151 662 3219 quantotae
686 3167 744 3208 ras.
766 3154 835 3206 4-5
856 3153 911 3206 litt.
931 3151 965 3205 ia
986 3151 1021 3207 N
1042 3152 1052 3220 l
1073 3166 1158 3206 uxore

141 3213 169 3267 P
181 3215 191 3283 [Ι
205 3221 237 3270 18
249 3219 333 3285 aptae
346 3221 411 3274 sunt
468 3222 479 3290 ΙΙ
493 3226 592 3275 18-20
608 3220 674 3273 sunt
689 3219 865 3274 deminutiva
881 3221 908 3289 (a
922 3234 957 3274 ca
970 3218 991 3286 i)
1005 3221 1037 3273 ut
1055 3219 1158 3274 rotulus

141 3282 176 3335 N
184 3283 193 3351 ss
206 3290 239 3338 20
255 3285 375 3340 soluslus
386 3287 415 3341 P
426 3289 436 3358 ΙΙ
449 3295 481 3342 21
499 3287 623 3341 totu-lus
638 3286 673 3341 N
680 3289 691 3356 ΙΙ
704 3287 861 3341 derivativa
877 3289 903 3357 (a
916 3303 950 3342 aa
960 3287 982 3353 i)
994 3286 1028 3341 N
1036 3288 1047 3357 ΙΙ
1059 3290 1159 3341 22-28

141 3353 207 3404 sunt
225 3353 274 3421 qui
291 3356 459 3422 pronomina
475 3373 502 3424 p.
515 3373 541 3409 v.
553 3354 583 3408 in
601 3371 672 3424 quas
689 3357 727 3409 sis
744 3355 889 3424 ponebant
904 3354 939 3410 N
947 3355 957 3423 l
970 3359 1004 3408 24
1012 3354 1031 3408 f.
1051 3354 1158 3423 quod-

141 3419 276 3473 anteferri
297 3435 348 3474 om.
365 3422 400 3476 N
412 3423 422 3491 l
438 3429 471 3478 25
493 3423 561 3477 siba
577 3424 618 3490 P,
642 3437 693 3482 om.
710 3423 745 3478 N
756 3423 768 3493 l]
784 3428 817 3477 26
840 3422 1033 3493 carginiensis]
1050 3437 1103 3478 cra.
1120 3418 1158 3487 N,

141 3485 206 3550 fort.
227 3487 465 3557 Carthaginiensis
477 3492 487 3560 n
499 3492 675 3561 parientibus
690 3491 729 3549 N.
