2354 3946
427 182 474 239 IX.
502 181 590 236 VITA
615 182 640 236 S.
660 181 815 241 GISLENI.
1063 182 1125 252 151

115 345 268 429 Angelici
291 347 402 410 coetus
425 347 533 408 rector
556 344 730 428 mundique
753 345 871 410 totius·

115 434 307 520 Omnigenis
330 433 479 519 dignum,
502 431 684 516 (Helenum,
707 433 856 497 laudibus
879 432 1007 516 herum,

62 539 95 587 ιι
115 521 247 588 Cuius
238 544 272 586 ιιι
296 520 441 604 auspicio
464 520 603 585 rationis
626 526 735 585 currat
759 522 891 604 arundo,

115 611 271 687 Quaet
227 611 255 674 ti
257 611 362 675 tulum
385 610 471 674 tanti
494 609 697 674 commendet
719 610 813 674 laude
836 609 969 694 patroni

114 698 195 764 Eius
219 702 253 763 et
276 697 411 762 eximiae
435 696 613 782 primordia
635 698 884 783 praerogativae

115 787 314 871 Principium
336 786 424 851 vitae
448 786 494 851 sic
517 786 653 850 elimans
677 786 886 852 venerandae.

114 875 178 940 Hic
200 876 262 940 flos
284 875 443 941 virtutum
466 875 566 938 nituit
590 874 630 938 de
653 876 826 940 stemmate
848 896 963 960 regum
1102 892 1118 932 f.
1129 886 1177 932 1v

62 980 97 1028 uo
117 962 245 1029 Olaruit
268 967 302 1028 et
324 963 442 1027 merito
466 962 615 1046 perfusus
639 962 814 1027 chrismate
838 967 950 1028 sancto
1140 964 1174 1004 ¹2¹²

114 1052 250 1117 Necnon
274 1051 361 1116 lotus
385 1051 478 1134 aquis
501 1072 559 1133 per
582 1049 748 1115 Christum
771 1051 991 1116 sanctificatis.

117 1139 249 1205 Solibus
272 1139 307 1203 in
329 1139 443 1223 primis
467 1138 569 1203 caluit
593 1160 674 1223 quae
698 1139 807 1225 gratia
830 1140 946 1222 menti,

115 1227 242 1312 Pagina
264 1227 473 1305 monstrabit,
496 1249 594 1312 quam
618 1227 721 1312 signis
744 1227 924 1292 irradiabit.

116 1314 266 1382 Creditur
288 1316 365 1385 hino
389 1317 485 1380 sectis
507 1315 583 1380 fidei
606 1336 679 1379 cum
703 1315 778 1380 dote
801 1316 968 1402 magistri,

60 1419 96 1468 aa
116 1404 248 1489 Optima
272 1426 335 1488 quo
359 1405 486 1487 doceat,
509 1404 627 1469 filicem
652 1426 724 1468 cum
748 1405 892 1488 germine
916 1404 1030 1482 vellat,

116 1491 297 1557 Conservet
320 1493 433 1556 mitem
456 1493 550 1576 recti,
574 1492 737 1556 coalescat
760 1513 913 1556 amorem.

115 1581 249 1646 Iunctus
274 1580 330 1645 sed
354 1580 460 1645 studio
484 1580 602 1644 mentis
627 1579 769 1663 sublegit
791 1580 824 1643 in
849 1583 952 1660 antro,

116 1669 279 1753 Quidquid
303 1672 373 1733 erat
395 1670 477 1751 veri,
501 1667 655 1753 quidquid
678 1668 833 1750 captabat
855 1666 1001 1750 honesti,

115 1759 164 1823 Aa
188 1758 334 1822 imitatus
358 1779 435 1842 apes
458 1757 616 1821 virtutum
639 1778 770 1841 carpere
793 1756 899 1820 flores.

59 1864 97 1913 30
116 1843 287 1911 Continuis
312 1868 474 1910 summum
497 1844 646 1930 precibus
670 1844 834 1908 clamabat
857 1843 985 1928 asylum

115 1932 262 2016 Nictans‚
285 1955 325 1997 ne
349 1933 484 1998 maculis
507 1934 610 1998 vitam
634 1932 846 1997 confunderet
868 1932 984 1996 hostis.

115 2021 205 2087 Haec
229 2043 414 2086 memorans
438 2021 534 2086 terris
557 2021 731 2085 horamata
754 2021 857 2085 movit
881 2019 1027 2105 Olympi,

116 2109 204 2186 Quae
228 2110 291 2174 sibi
314 2110 496 2174 mundanas
520 2109 715 2194 pepulerunt
737 2114 868 2195 pectore
892 2131 984 2174 curas

115 2197 318 2263 Instituendo
343 2199 475 2263 modum
497 2199 655 2264 virtutum
680 2198 761 2263 calle
785 2198 993 2282 sequendum.

173 2370 253 2437 Quod
273 2371 461 2426 saecularibus
479 2375 542 2428 'sesa
561 2371 733 2496 subtrargrit
751 2375 780 2427 et
798 2369 897 2427 castris
916 2370 1019 2426 divinis
1038 2387 1068 2425 se

450 2492 453 2497 4
542 2459 678 2498 sociarem
695 2485 701 2497 .

57 2567 96 2618 35
114 2549 236 2614 Indolis
261 2550 413 2615 emeritae
436 2573 536 2634 puero
560 2554 723 2617 crescente
746 2552 858 2635 vigore

116 2636 312 2722 Concipiens
337 2639 421 2704 votis
446 2639 565 2704 suimet
589 2640 648 2704 sub
672 2642 802 2723 pectore
826 2638 914 2724 totis,

115 2725 293 2792 Praenotat
317 2730 427 2792 amoto
451 2749 562 2793 ramus
586 2749 669 2811 quae
693 2726 777 2792 seria
800 2726 888 2810 ludo,

116 2813 270 2880 Fratrum
293 2818 408 2900 saepta
430 2815 515 2900 petit
538 2817 672 2900 cupiens
696 2813 861 2881 consortia
884 2815 1028 2881 claustri.

189 3047 222 3095 18
247 3042 367 3097 ‘caetus’
448 3040 680 3112 14Gyslenum’
761 3046 794 3096 15
819 3041 965 3112 ‘suspitio'
997 3039 1125 3095 ‘arondo’

116 3127 253 3180 superscr
271 3130 302 3181 u;
327 3113 474 3182 praeterea
496 3116 566 3168 nota
584 3114 705 3183 quadam
723 3112 850 3168 harundo
870 3112 1048 3167 scribendum
1067 3128 1127 3166 esse

114 3181 258 3236 indicatur
321 3184 385 3237 22‘
387 3183 526 3266 inprimis’
588 3190 622 3239 23
644 3183 818 3238 ‘inradiabit'
875 3189 910 3237 24
930 3182 1025 3238 ‘sectis
1048 3182 1125 3236 fidei’

114 3251 190 3307 binis
212 3253 325 3322 punctis
353 3253 499 3351 principiis
527 3255 671 3310 nominum
697 3255 921 3352 superimpositis
944 3253 1154 3322 transpositio·

115 3321 270 3406 significari
289 3323 1128 3396 videtur‘cumdota’superscr.‘'sub1ure’28‘Quic-

114 3393 195 3462 quid’
216 3394 374 3463 ‘quioquid’
427 3397 524 3451 29‘a
490 3413 524 3451 ca
558 3397 615 3451 e’re
631 3413 765 3465 superscr.
782 3396 854 3450 ‘bat'
906 3401 940 3450 30
957 3395 1126 3476 ‘praecibus'

116 3464 242 3520 ‘asilum’
296 3471 330 3519 32
347 3466 543 3522 “oromata’o
557 3466 655 3537 'phi’
708 3467 767 3521 37
769 3467 874 3521 ramus'
891 3483 1027 3536 superscr.
1043 3465 1129 3535 pita·

114 3551 204 3607 gorea
221 3535 328 3590 littera'
384 3543 419 3592 38
437 3485 543 3607 septa0
