2422 3976
331 137 402 195 ‚vu
429 138 556 195 PASSIO
575 137 602 195 S.
621 136 791 195 ARNULPI.
1009 138 1071 203 109

60 301 133 366 Illis
156 302 235 367 urbs
259 301 480 367 frustrabatur
502 305 635 387 pastore
659 300 784 385 diebus3

60 390 150 456 Mors
175 391 295 457 etenim
319 391 473 456 subduxit
496 412 571 456 eum
594 393 672 455 tuno
694 389 852 474 temporis
877 393 956 454 atra.

59 478 154 544 Unde
177 480 228 564 fit,
251 484 289 545 ut
312 479 409 544 simul
433 479 474 544 ad
496 479 668 545 tractanda
690 479 823 563 negotia
846 478 943 542 multi
1090 489 1157 540 1161

321 667 355 677 -
375 636 449 702 Quid
468 636 506 691 sit
524 639 619 692 aetum
637 634 757 690 Turonis
777 666 810 675 -

10 760 41 812 66
60 744 236 809 Pontifices
259 744 482 810 huiuscemodi
507 745 729 830 glomerantur
752 748 785 810 et
808 765 921 809 omnes

60 832 137 898 Non
161 834 269 898 animo
293 836 411 898 coeunt
433 855 512 899 uno:
535 855 611 918 pars
634 833 740 897 tendit
762 854 872 898 eorum

60 921 134 986 Hue
157 927 191 986 et
212 944 288 1006 pars
311 922 389 987 illue
411 943 469 987 neo
493 921 669 1005 (dissona)
693 921 779 986 diota
802 925 983 1005 coaequant

60 1009 151 1074 Inter
175 1032 230 1075 eos
253 1011 355 1076 ullum
378 1032 585 1092 eonsensum,
609 1009 710 1074 donee
734 1010 846 1075 adesse

60 1099 263 1183 Praecipitur
285 1099 389 1184 plebe,
412 1099 464 1164 oui
486 1099 607 1163 ieiunia
629 1120 706 1164 mox
727 1098 880 1163 triduana

10 1186 221 1253 401ndieunt.
258 1188 352 1264 Quod
374 1187 520 1252 divinum
540 1187 668 1251 vultum
692 1188 774 1252 bene
796 1187 920 1272 placat3

60 1275 146 1340 Nam
170 1298 243 1340 eum
266 1277 367 1340 tertia
389 1276 445 1340 lux
467 1274 575 1340 radiat
598 1275 707 1339 ieiuna
729 1275 806 1357 diei,

61 1363 188 1449 Mature
210 1365 350 1449 populus
372 1364 505 1429 veniens
529 1363 626 1428 nimis
650 1367 841 1428 extenuatus

61 1450 169 1516 Intrat
192 1453 227 1516 in
250 1452 420 1518 eeclesiam
443 1452 575 1517 domino
599 1473 658 1516 sua
679 1455 759 1516 vota
781 1452 926 1516 daturus.

62 1537 144 1604 Cum
168 1541 285 1626 quibus
307 1541 475 1627 ingressus
499 1539 666 1606 Christum
688 1544 785 1624 rogat
808 1539 876 1603 eius
900 1539 1032 1616 amicus,

10 1646 42 1694 46
62 1628 229 1708 Arnquus,
253 1629 417 1715 precibus3
440 1633 588 1696 sanctam
612 1629 668 1693 sed
692 1651 765 1693 eum
788 1649 881 1693 cruos
902 1626 1045 1692 frontem

60 1716 203 1782 Muniret
225 1717 410 1803 tacitusque
432 1718 521 1784 foras
544 1740 609 1803 pax
632 1717 847 1803 egrederetur,
868 1753 906 1762 —

61 1805 255 1871 Praesentes
276 1829 355 1871 nam
378 1829 413 1871 se
437 1807 590 1891 sperabat
612 1828 707 1891 posse
730 1806 832 1870 latere
853 1841 891 1850 —

61 1896 209 1979 Angelus
232 1896 267 1958 in
290 1895 396 1960 medio
420 1895 566 1980 dilapsus
589 1894 719 1960 cardine
742 1915 868 1958 summo

174 2049 278 2121 [Quum
297 2051 413 2106 caelitus
432 2054 576 2106 ostensum
595 2051 633 2106 sit
651 2051 686 2105 de
704 2048 799 2106 futuro
818 2049 961 2121 episcopo]

63 2156 195 2224 Concita
218 2159 365 2224 restituit
387 2160 494 2243 plebis
517 2161 706 2245 mediaeque
729 2163 879 2225 catervae

10 2264 44 2314 66
63 2246 187 2312 Rursus
212 2270 285 2312 eum
309 2248 440 2331 statuit,
465 2271 561 2333 quem
585 2250 690 2315 scibat
712 2248 836 2314 honore
858 2249 969 2314 futuro

62 2336 132 2400 Iam
156 2336 300 2422 dignum.
337 2335 455 2402 Cuncti
477 2338 658 2422 poscebant
681 2337 952 2422 omnipotentem,

62 2423 108 2488 Ut
132 2425 195 2488 sibi
217 2429 385 2509 pastorem
408 2425 582 2491 miseratus
605 2426 733 2491 eederet
757 2428 882 2510 aptum,

61 2512 212 2596 Dumque
235 2513 360 2598 aliquid
384 2535 481 2598 super
504 2513 567 2579 hoo
590 2517 774 2599 spectarent
797 2514 935 2597 desuper
957 2514 1005 2578 illi

62 2601 231 2673 Auxilium
254 2624 429 2688 properare
453 2603 517 2667 sibi
540 2606 753 2687 gererentque
774 2601 926 2666 labantes

10 2707 43 2756 66
63 2689 239 2755 Pontifices
256 2690 388 2757 animos
411 2713 471 2755 neo
495 2690 599 2756 adhue
622 2690 782 2755 sententia
805 2693 929 2755 oertam

65 2777 141 2844 Ulla
163 2779 260 2844 fidem
282 2778 418 2844 faceret:
443 2802 523 2864 quos
546 2783 659 2844 astans
683 2779 819 2861 angelus
844 2779 929 2842 idem
1090 2782 1161 2832 arev

63 2865 146 2931 Cum
170 2872 284 2933 saneto
307 2867 448 2932 Arnulfo
472 2867 580 2932 verbis
605 2866 734 2932 adfatur
756 2866 917 2932 honestis:

62 2954 161 3031 ‘Quid
183 2954 298 3040 vobis,'
321 2956 440 3041 inquit,
464 2955 576 3021 ‘refert
598 2977 728 3021 versare
752 2955 899 3039 querelas

134 3152 187 3204 634
206 3148 265 3204 ‘eit’
323 3153 374 3203 636
395 3146 521 3202 ‘huiusce
544 3146 632 3204 modi’
694 3150 745 3202 631
770 3145 899 3215 dactylus
922 3147 968 3201 vel
991 3161 1072 3215 spon·

62 3221 131 3274 deus
155 3219 328 3290 supplendus
352 3220 396 3274 est
415 3218 575 3289 ‘coequant’
633 3223 684 3273 646
705 3217 783 3297 ‘pax'
805 3231 859 3272 seo.
879 3235 915 3272 rn.
936 3233 1073 3287 supersor.

63 3290 183 3345 ‘statim’
241 3295 292 3347 647
309 3289 479 3345 ‘Presentes'
499 3321 531 3328 -
553 3288 655 3353 ‘Quom
674 3287 785 3343 oehtus’
805 3289 859 3343 hoe
878 3289 1074 3359 argumentum

61 3361 91 3415 in
113 3360 242 3431 margine
266 3358 420 3430 ascriptum
444 3360 545 3414 est-
573 3364 624 3413 649
646 3358 804 3430 ‘medieque
829 3359 952 3416 caterve’
1022 3364 1073 3414 667

64 3433 200 3487 ‘adlatur'
222 3434 347 3487 extrema
368 3431 478 3500 syllaba
495 3447 547 3500 per
564 3431 761 3500 compendium
780 3429 887 3500 scripta
949 3435 1002 3486 668
1022 3430 1074 3486 ‘in-

62 3502 142 3570 quid'
162 3507 177 3558 t
194 3519 328 3574 superser.
350 3501 456 3557 ‘refert’
478 3518 532 3558 see.
551 3519 588 3556 m.
608 3517 743 3571 superser.
765 3501 902 3571 ‘prodest’
