2354 3946
128 193 189 258 112
353 189 507 245 VIRGlLII
524 188 690 245 MARONIS
708 188 919 244 EPISTOLAE.

126 348 291 413 luctamen.
338 345 392 407 sed
426 343 582 427 quaedam
615 364 724 407 eorum
756 342 982 417 discretionem
1013 343 1143 424 habent,

127 432 283 514 quaedam
306 449 383 493 uero
405 432 537 511 propter
559 427 662 491 solam
683 427 905 491 inuentionem
921 427 1019 492 scribi
1034 427 1143 492 dicun-

126 522 193 600 tur3
227 513 311 598 quod
344 517 455 578 tamen
488 535 507 576 a
534 512 694 595 plerisque
721 511 886 576 doctorum
914 512 985 576 fieri
1014 513 1141 577 omnino

126 622 221 683 posse
242 601 394 683 negatur,
418 596 657 661 adfirmantium
672 596 795 660 nullum
810 597 941 680 penitus
955 618 1077 662 nomon
1091 599 1141 661 aul

100 684 260 749 suerbum
289 686 344 746 aut
371 681 513 766 aliquam
541 680 698 746 orationis
732 684 857 764 partem
890 682 990 745 immo
1025 681 1139 746 nullam

126 790 210 852 pene
238 768 394 852 syllabam
422 771 479 831 aut
507 766 631 830 literam
659 764 757 829 scribi
778 786 844 829 non
866 765 995 829 ratione
1017 766 1139 851 plenam

126 853 179 918 uel
201 853 338 936 quadam
360 852 410 916 sui
431 850 626 934 proprietate
647 850 799 933 potuisse.
837 870 896 913 nos
919 850 1059 934 denique
1074 871 1139 916 oum

127 938 263 1002 dicimus
286 938 438 1002 laetitiam
465 935 696 999 iocunditatem
719 934 819 998 enimi
841 934 1062 1019 significamus
1084 939 1140 1001 sta-

127 1021 225 1086 bilem
248 1026 280 1085 et
301 1020 536 1104 quodammodo
559 1040 749 1102 perennem,
781 1022 813 1082 et
835 1019 984 1084 ieetr'iiem
1013 1021 1041 1084 si
1063 1020 1140 1085 dica·

90 1130 114 1170 ro
127 1128 213 1188 mus,
243 1105 381 1169 subitam
411 1124 478 1167 esse
505 1102 741 1188 intellegimus,
771 1106 803 1167 et
825 1104 981 1169 laetamen
1008 1106 1142 1190 gratiam

126 1189 290 1254 cuiusdam
313 1188 440 1251 additae
462 1187 688 1272 gratulationis
710 1187 897 1252 indicamus.

210 1272 272 1337 Est
294 1273 390 1336 etiam
412 1292 530 1354 uesper,
552 1292 688 1354 uespere,
711 1292 885 1356 uesperum,
907 1293 1051 1355 uespera.
1093 1273 1144 1337 hic

127 1379 234 1422 cassus
249 1356 471 1422 nominatiuus
487 1355 686 1440 quadruplex
702 1360 765 1440 est3
785 1357 876 1421 ouius
893 1356 1072 1422 deferentia
1085 1358 1145 1422 hoc

126 1444 204 1520 orit,
227 1442 312 1526 quod
333 1461 443 1523 uesper
465 1440 594 1524 quidem
616 1441 732 1505 dicitur
747 1444 1010 1526 quotiescumque
1026 1443 1074 1507 sol
1088 1463 1145 1506 nu·

88 1527 221 1592 rubibus
243 1532 299 1591 aut
322 1527 398 1589 luna
419 1525 639 1610 ferruginibus
662 1547 862 1609 quacumque
885 1525 949 1590 diei
970 1530 1028 1591 aut
1042 1527 1145 1591 noctis

127 1612 207 1677 hora
240 1613 425 1695 obtegatur,
460 1614 493 1675 et
525 1610 585 1674 hoc
618 1614 767 1674 neutrum
801 1614 837 1674 ut
867 1631 977 1693 uesper
1008 1613 1146 1694 aceperis

125 1717 236 1779 uesper
256 1716 390 1778 uespere.
427 1697 462 1759 at
482 1695 682 1759 nominatiuo
704 1715 829 1776 uespere
850 1699 984 1760 uocatur
1005 1696 1046 1761 ab
1067 1697 1146 1762 horu

126 1803 214 1846 nona
241 1782 307 1845 sole
335 1780 506 1845 discessum
528 1779 716 1862 incohante;
746 1779 801 1843 sed
824 1778 885 1843 ho'e
907 1800 1028 1845 nomen
1051 1781 1146 1846 decli·

126 1867 295 1931 nationem
317 1865 439 1930 nullam
462 1864 569 1930 habet.
605 1885 768 1947 uesperum
789 1868 897 1928 autem
919 1867 970 1928 est
991 1886 1065 1929 cum
1080 1865 1147 1930 sole

88 1968 114 2007 2⁰
128 1952 293 2016 occidente
322 1951 389 2014 dies
419 1949 539 2031 deficit,
570 1954 603 2014 et
625 1950 671 2015 sic
692 1949 871 2013 declinatur
892 1970 1059 2033 uesperum
1080 1971 1147 2016 ucc-

125 2038 344 2118 peri‘uespero
366 2055 530 2117 uesperum
550 2054 688 2116 uespere.
725 2054 857 2116 uespera
879 2037 944 2118 est,
968 2055 1043 2099 cum
1066 2035 1145 2100 lucis

127 2121 251 2184 oriente
280 2140 397 2183 aurora
424 2139 489 2182 nox
515 2120 660 2182 finiatur:
690 2121 808 2183 etenim
838 2117 922 2184 sicut
949 2119 1017 2183 dies
1040 2120 1146 2185 noctis

126 2224 274 2266 successu
301 2223 480 2284 emperors,
515 2202 562 2266 sio
591 2206 623 2266 et
650 2224 715 2267 nox
744 2203 807 2268 diei
836 2207 950 2268 exortu
977 2225 1146 2288 uesperam

125 2286 238 2367 habet,
276 2288 308 2349 ct
342 2287 389 2350 sic
423 2286 603 2350 declinatur
637 2307 769 2368 uespera
801 2307 950 2370 uespem
980 2308 1146 2372 aemorum

126 2407 329 2416 ι--ι--ι

152 2444 156 2450 ⁵
195 2477 235 2524 12.
256 2470 365 2546 Quoeet.
376 2485 490 2538 pramm.
503 2470 561 2524 cod.
572 2472 660 2528 Bora.
672 2474 761 2540 1231).
775 2475 839 2532 178,
857 2475 894 2526 24
905 2472 1022 2540 (Auecd.
1039 2473 1144 2541 Hele.):

125 2538 262 2607 Virgilius
286 2553 380 2592 omma
401 2539 471 2657 hope
489 2537 1095 2663 (1611011111αὲιὲἕὲῗῂΙῆΕἰὲθὲῖίἱωῒξθῖἳὲἳτ
1111 2569 1145 2648 Ξ

125 2621 422 2726 bibliiiiiviiieribil
441 2622 588 2794 eicviipir
605 2673 729 2794 vesperis
747 2673 823 2731 facit.
854 2676 885 2727 at
901 2626 1094 2730 nominaiivus
1112 2706 1144 2716 -

126 2740 290 2794 descensum
313 2739 359 2792 inc
380 2741 464 2794 caute
489 2743 519 2794 et
556 2757 588 2795 oc
606 2741 658 2794 dec
672 2741 795 2796 ‘nabore
813 2744 898 2796 caret.
933 2757 1084 2812 vesperum
1102 2745 1145 2798 eet

127 2808 194 2860 dum
212 2837 245 2846 —
263 2823 381 2875 vespero
399 2807 562 2878 etreliqua.
592 2825 712 2878 vespera
730 2812 824 2863 est-
840 2810 937 2864 finitur
955 2811 1041 2865 etsie
1059 2810 1144 2865 decli·

125 2880 208 2929 natur
225 2891 345 2943 vespera
362 2891 498 2954 vesperae
517 2892 652 2944 vesperae
671 2876 836 2945 etreliqua.
871 2878 916 2933 bio
933 2877 1009 2932 lomes
1029 2876 1145 2948 Virpe'lii

126 2943 235 2998 aorniae
252 2943 349 2997 omisso
367 2943 469 3012 ieprtur
485 2944 518 2997 ia
531 2946 626 3011 prima
638 2944 697 3001 cod.
709 2944 795 3000 Bere.
809 2949 864 3000 286
871 2945 981 3015 papan
991 2962 1013 3001 e.
1028 2946 1060 2999 X
1071 2950 1144 3015 (teate

126 3012 269 3081 Herceum:
297 3011 440 3080 obtegitur
459 3042 490 3050 —
509 3028 573 3065 cum
591 3013 649 3066 sole
667 3042 700 3051 —
718 3029 820 3067 aurora
842 3015 1016 3068 monstratur
1038 3013 1144 3068 etenim

126 3080 199 3133 sicut
217 3079 277 3134 dies
295 3095 452 3133 successum
471 3081 562 3135 noctis
579 3096 728 3149 vesperum
745 3082 834 3136 habet
851 3080 890 3136 sic
902 3081 1035 3136 -habet
1053 3083 1083 3135 et
1101 3082 1143 3135 est

126 3147 235 3215 primae
253 3147 446 3202 declinationis
465 3153 513 3203 ete.

193 3320 209 3368 6
227 3315 350 3382 rattione
368 3315 402 3368 N
417 3317 426 3383 ΙΙ
444 3323 459 3370 9
477 3331 601 3384 perenne
619 3315 654 3370 N
668 3332 737 3371 corr.
755 3318 819 3371 Μαι·
831 3319 841 3384 l
855 3323 884 3368 11
905 3317 1001 3372 addite
1020 3316 1143 3388 gratula-

125 3381 232 3436 tionem
249 3382 284 3437 N
297 3399 365 3438 corr.
377 3382 464 3452 Merit
479 3390 509 3438 12
527 3385 646 3450 vespera
662 3384 697 3437 N
705 3387 715 3453 ΙΙ
730 3392 759 3438 16
778 3384 929 3450 obtegatur
947 3389 975 3453 (a
986 3388 1068 3454 corr.)
1087 3384 1122 3440 N
1127 3384 1141 3455 ΙΙ

127 3487 158 3535 18
177 3481 335 3553 discessisfs
351 3453 512 3539 inchosante
530 3485 560 3553 (h
578 3486 656 3552 erue.)
675 3484 710 3538 N
717 3487 727 3552 ss
742 3489 771 3536 19
791 3481 833 3536 sol
850 3480 885 3535 N
893 3485 903 3550 ΙΙ
917 3490 948 3536 13
967 3487 1065 3541 exorto
1082 3485 1122 3544 N.
