2354 3946
450 97 498 152 111.
527 93 616 151 VITA
632 95 662 153 S.
681 94 827 150 ERASMI.

131 259 183 325 Sic
207 258 331 325 christi
354 257 513 323 famulum
536 262 708 344 torquetur
731 278 857 324 carcere
880 262 1008 323 trusum

56 366 110 415 205
129 347 362 433 Praecepitque
387 346 462 412 suis.
507 347 638 412 Dantur
660 347 711 413 cui
733 348 826 412 nulla
848 347 1004 413 alimenta

130 437 355 520 Militibusque
379 435 445 501 suis
468 436 565 500 iussit
588 458 717 501 servare
740 437 887 501 libenter.

130 525 259 590 Interea
281 525 413 610 praesul
437 524 604 589 dominum
627 525 674 590 sio
696 525 826 590 invocat
849 525 988 590 almum:

131 613 170 680 Ὃ
193 620 287 700 pater
311 614 528 696 omnipotens,
551 612 651 678 verbo
676 614 731 697 qui
755 617 872 679 cuncta
895 614 1024 698 creasti,

130 702 252 768 Unicus
276 709 373 787 atque
397 704 473 766 tuus
497 705 589 766 casta
612 701 650 766 de
673 702 800 788 virgine
822 705 920 767 natus

59 790 315 858 210001100111
340 794 454 855 sancto
478 791 665 875 pariterque
688 792 752 855 mei
776 791 938 875 miserere,

130 879 193 954 Qui
216 883 405 945 cunctorum
429 900 462 944 es
487 900 561 963 spes
586 879 675 944 solus
698 900 887 964 necnonque
910 879 1105 964 redemptor.

129 968 251 1054 Diripe,
275 972 395 1052 sancte,
417 971 511 1032 tuum
534 967 604 1033 diro
627 967 690 1032 hoc
713 967 752 1033 de
774 968 916 1052 pondere
940 966 1089 1033 servum?

130 1057 277 1141 Angelus
302 1056 476 1120 altithroni
499 1058 631 1121 veniens
654 1056 735 1120 haec
757 1057 888 1122 vincula
911 1058 1010 1123 solvit

129 1148 239 1230 Atque
262 1145 470 1210 tenebrosam
497 1144 644 1209 illustrat
670 1167 748 1210 mox
770 1145 892 1210 lumine
915 1152 1054 1212 noctem.

58 1251 109 1301 210
131 1232 248 1299 Carcer
272 1238 342 1298 erat
363 1237 454 1298 totus
478 1233 566 1298 clara
589 1233 628 1298 de
650 1233 722 1298 luce
744 1235 902 1316 repletus3

130 1322 212 1387 Sunt
236 1323 324 1387 visae
348 1343 475 1406 quoque
499 1343 554 1386 sex
577 1321 687 1387 bisin
709 1326 804 1387 antro
829 1323 940 1388 ardere
962 1323 1121 1388 lucernae.

128 1411 277 1476 Pondere
299 1414 378 1476 tuno
401 1409 479 1474 ferri
502 1410 644 1475 cecidere
667 1430 848 1495 gravesque
872 1414 1004 1476 catenae

130 1501 255 1564 Ardent
278 1500 433 1564 continuo
456 1499 554 1582 inque
577 1498 665 1563 leves
688 1498 812 1563 rediere
834 1499 975 1565 favillas.

130 1588 191 1652 Vir
214 1591 345 1653 sanctus
369 1590 481 1652 cantat
503 1590 582 1651 tunc
605 1608 697 1651 asma
720 1587 819 1652 trium
843 1610 1018 1673 puerorum

59 1695 111 1743 220
130 1676 336 1761 Hymniculis
360 1676 456 1741 dictis
478 1676 599 1761 psalmi
623 1697 696 1740 cum
719 1675 869 1740 laudibus
893 1676 998 1741 almis.

129 1765 275 1831 Nexibus
299 1785 377 1850 ergo
401 1786 515 1829 carens
538 1764 645 1829 media
667 1765 734 1829 iam
756 1769 852 1829 nocte
874 1769 1008 1849 peracta

130 1853 201 1919 Hac
224 1855 344 1918 iterum
368 1875 481 1937 sospes
506 1875 603 1918 saeva
625 1852 775 1919 discessit
798 1853 839 1917 ab
864 1853 943 1918 urbe

128 1943 261 2007 Italiam
285 1946 319 2006 et
340 1964 479 2027 propere
503 1942 651 2028 angelico
675 1941 755 2006 duce
778 1944 870 2006 tutus
894 1941 1015 2006 adibat.

130 2031 272 2095 Antrum
294 2052 411 2115 nempe
433 2035 545 2096 tamen
567 2034 636 2095 stat
658 2031 784 2095 olusula
806 2031 901 2095 firma
923 2036 1101 2115 retentans3

58 2137 110 2186 225
130 2119 229 2185 Istius
253 2120 369 2204 ignara
393 2122 428 2183 at
450 2119 597 2184 custodia
620 2123 736 2185 cuncta
757 2119 867 2184 fiebat.

130 2207 310 2293 Impatiens
332 2209 435 2294 igitur
458 2209 497 2271 fit
519 2230 609 2273 more
632 2208 856 2273 Diocletianus

129 2295 374 2380 Ventorumque
398 2296 483 2360 diem
506 2298 560 2362 vix
583 2296 795 2382 exspectabat
817 2296 934 2361 inanis.
1160 2313 1176 2354 f.

131 2383 212 2450 Cum
234 2385 375 2469 primum
399 2386 521 2470 incepit
544 2386 704 2451 lucescere
727 2384 821 2470 forte,
843 2388 978 2469 paratus

131 2473 334 2560 Aggreditur
356 2473 470 2538 statim
493 2496 550 2539 rex
572 2474 692 2557 impius
717 2477 815 2557 atque
838 2477 997 2558 tyrannus
1077 2519 1079 2522 ι

59 2581 112 2630 230
131 2562 363 2646 Praecepitque
387 2563 494 2626 virum
517 2563 591 2628 duci
614 2561 653 2626 da
676 2583 804 2627 carcerc
827 2564 982 2627 vinctum.

131 2649 275 2734 Cumque
299 2650 385 2715 avidi
407 2649 615 2735 ingrederent
637 2650 764 2733 famuli,
786 2649 834 2714 nil
857 2651 1082 2736 repperierunt

59 2763 65 2776 ·
131 2738 175 2803 Ni
198 2743 329 2803 tantum
352 2739 467 2804 cineris
489 2761 550 2824 par
573 2738 825 2821 combustusque
848 2742 987 2804 catenas.

202 2971 256 3021 204
272 2965 439 3033 ‘torquetur’
455 2982 505 3035 per
524 2964 721 3035 compendium
740 2965 887 3032 scriptum:
912 2978 949 3017 an
967 2963 1083 3033 ‘torquet
1100 2963 1143 3016 in’

132 3037 178 3090 vel
193 3037 328 3106 ‘torquere
345 3037 408 3090 io'?
465 3042 517 3091 205
533 3035 737 3106 ‘precepitque’
754 3052 805 3105 pro
821 3033 948 3089 ‘dantur’
966 3033 1088 3088 ‘dentw'
1100 3033 1147 3088 vol

134 3108 209 3162 ‘dent
226 3107 269 3163 ot'
291 3106 468 3162 scribendum
486 3106 598 3162 videtur
661 3112 712 3161 211
733 3106 797 3160 ‘nec
820 3104 943 3186 nonque'
1011 3110 1063 3158 213
1083 3103 1147 3158 ‘alti

131 3179 217 3232 troni'
301 3184 355 3231 214
380 3177 536 3232 ‘inlustrat'
617 3182 670 3233 210
694 3176 819 3232 ‘ardore'
845 3193 861 3231 o
888 3192 919 3229 111
946 3192 962 3230 e
991 3177 1148 3229 correctum

133 3254 184 3304 217
209 3249 354 3318 ‘pondere'
381 3265 396 3302 e
424 3249 453 3302 in
481 3265 499 3302 a
526 3249 667 3302 mutatum
743 3253 796 3302 220
820 3246 992 3316 ‘ymniculis’
1021 3244 1144 3314 ‘apalmi’

132 3327 184 3374 223
197 3320 284 3374 ‘tuos'
301 3318 330 3373 in
346 3319 446 3375 ‘tutus’
459 3319 640 3374 emendatum
693 3325 745 3374 226
757 3317 921 3388 ‘inpatiens'
939 3315 1145 3372 ‘dioclicianus’

47 3425 52 3430 -
133 3397 184 3446 227
205 3390 395 3460 ‘expectabat’
471 3394 523 3444 228
544 3388 690 3460 ‘incoepit’
713 3388 851 3460 ‘paratus'
871 3389 984 3445 litterae
1006 3405 1037 3444 ar
1055 3388 1149 3444 minuo

133 3461 225 3516 clarae
298 3467 349 3515 231
362 3461 584 3531 ‘inpredocrent’
