2354 3946
407 205 468 262 VH.
495 205 622 263 PASSIO
640 207 667 263 S.
686 205 857 263 ARNUIAE'I.
1097 207 1140 274 99

126 367 242 454 Longa
265 367 425 453 fatigarat
447 371 481 434 et
504 390 600 454 saepe
624 369 805 435 abduxerat
827 391 926 434 error.

126 455 220 542 Hinc,
243 479 326 541 reor,
348 458 509 541 impulsus
533 457 640 542 coepit
662 478 796 522 namara
820 457 935 523 beatus

472 641 508 654 -
527 612 569 669 De
587 613 738 670 collatione
758 645 791 654 -

127 721 295 805 Arnulfus,
318 743 401 806 quae
424 722 505 786 dura
527 721 620 807 tulit,
644 744 726 806 quae
749 744 907 807 prospera
929 722 1021 788 duxit

55 827 106 879 366
126 811 269 896 Pergens
293 813 326 874 et
348 810 486 892 rediens,
508 810 625 875 humili
648 811 705 875 sed
727 811 847 895 ubique
870 811 985 876 relatu.

127 897 205 974 Quis
228 902 337 983 putet,
359 901 396 963 ut
419 902 549 965 tantum
572 898 706 964 seducat
730 900 837 986 gloria
858 899 962 964 fallax

125 986 204 1053 Ulla
225 987 375 1063 virum?,
395 986 516 1073 Fugiat
537 987 618 1052 haec
640 988 744 1072 pestis
766 988 864 1053 noxia
887 993 1021 1053 cunctos
1056 1052 1066 1068 ,

126 1074 350 1142 Christicolas.
390 1074 549 1140 Praesens
572 1076 699 1159 aderat,
722 1076 779 1160 qui
801 1077 945 1160 rettulit,
967 1077 1033 1161 ille,

126 1161 215 1240 Quae
239 1165 303 1229 sibi
326 1163 478 1229 defuncto
501 1165 634 1229 fucrant
656 1164 738 1230 satis
760 1165 895 1230 horrida
917 1165 988 1230 visa

374 1350 407 1359 -
427 1319 518 1374 Testis
535 1319 576 1375 rei
594 1322 694 1390 gestae
713 1321 838 1391 loquitur
856 1351 891 1363 -·

56 1447 107 1497 avo
127 1429 269 1513 ‘Accipe
292 1450 410 1514 magne
432 1427 546 1513 pater,’
571 1429 693 1513 dicens3
718 1428 806 1494 ‘nam
829 1452 906 1494 vera
928 1430 1101 1496 revolvam.

127 1516 269 1603 Spiritus
292 1517 353 1582 hos
378 1517 544 1601 quondam
566 1518 676 1582 vitalis
700 1518 841 1601 liquerat
864 1520 955 1583 artus

126 1606 254 1671 Ultima
277 1605 472 1671 concludens
495 1606 677 1691 praesentis
700 1605 826 1671 lumina
848 1606 934 1670 vitae

125 1694 276 1778 Undique
295 1695 501 1760 constrictus.
538 1693 608 1770 Quo
627 1698 774 1779 tempore
793 1698 827 1758 et
845 1695 950 1759 multa
968 1696 1139 1780 timebam3

125 1782 277 1866 Namque
301 1783 381 1848 duas
405 1805 515 1848 eoram
538 1784 710 1848 cernebam
734 1787 821 1847 stare
845 1783 1008 1848 cohortes:

56 1888 106 1939 3⁷5
125 1871 242 1935 Altera
265 1871 321 1935 sed
343 1893 480 1956 quarum
503 1871 598 1936 niveo
622 1871 741 1936 vestita
764 1871 878 1936 decore

125 1959 164 2024 In
188 1959 310 2025 dextris
334 1960 443 2025 stabat
467 1959 571 2025 dulcis
595 1960 676 2024 satis
700 1963 798 2044 atque
822 1959 941 2042 suavis,

125 2050 287 2132 Aspectus
312 2049 403 2113 cuius
427 2070 479 2113 me
504 2049 673 2114 solabatur
697 2049 829 2113 amicus.

124 2137 242 2202 Altera
264 2158 341 2221 pars
364 2158 440 2201 vero
464 2159 516 2201 me
540 2140 730 2221 susceptura
751 2135 912 2201 hemehat

126 2223 320 2310 Significans
344 2247 478 2308 operum
502 2225 583 2289 mihi
605 2225 740 2290 reddere
762 2248 865 2310 pensa
888 2246 1047 2308 meorum,

57 2330 108 2380 380
126 2308 277 2396 Sordida,
300 2312 464 2396 deformis,
489 2335 640 2396 caenosa,
662 2313 799 2399 inculta,
822 2313 985 2399 palustris.

124 2401 211 2486 Heu,
235 2405 375 2486 quantus
398 2424 502 2487 pavor
524 2403 663 2486 arripuit
686 2403 905 2485 —horresco
928 2402 1026 2467 fateri
1049 2439 1093 2449 -
1156 2420 1172 2462 r.

124 2489 219 2555 Hanc
242 2489 399 2574 animam,
422 2493 626 2574 quantusque
649 2495 772 2556 tremor
792 2491 957 2557 concussit
980 2491 1114 2557 anhelos

125 2576 310 2663 Spirantem
333 2577 430 2642 flatus
454 2582 487 2643 et
510 2578 651 2662 pendula
674 2579 742 2643 vita
765 2579 918 2644 trahebat

126 2666 249 2731 Tristia
272 2666 311 2730 de
336 2688 462 2731 summo
487 2667 666 2751 spiramina
688 2669 820 2750 pectore
844 2667 923 2731 visis

54 2771 106 2822 386
125 2754 316 2819 huminibus
339 2755 452 2838 torvis,
476 2776 560 2839 quae
581 2754 817 2837 contorquebat
839 2755 874 2819 in
897 2757 981 2820 iram

126 2843 237 2907 Turba
260 2842 365 2926 ferox,
387 2843 521 2907 inimica
543 2843 638 2907 bonis
661 2846 695 2906 et
717 2842 861 2907 criminis
883 2844 1002 2908 ultrixl

125 2931 270 2997 Tandem
292 2930 438 2995 iustitiae
463 2929 560 2996 caelis
585 2929 734 2996 examina
756 2931 906 3016 pendent.

105 3018 189 3105 'Hei
211 3019 306 3083 mihil
329 3040 403 3084 curn
426 3020 586 3084 trutinam
604 3024 734 3084 versent
756 3042 829 3084 mea
850 3019 939 3085 facta
962 3020 1138 3106 sinistram,

197 3216 249 3266 363
270 3210 362 3280 ‘sepe'
420 3216 471 3266 363
493 3209 591 3280 ‘cepit'
652 3215 704 3264 364
725 3211 790 3279 ‘que
813 3210 893 3264 dura'
949 3217 1002 3266 366
1023 3211 1135 3266 ‘relatu'

125 3295 179 3338 sec.
198 3300 235 3336 m.
254 3297 390 3349 superscr.
411 3280 498 3351 ‘oepit
519 3280 645 3335 narrare’
704 3287 757 3337 366
777 3281 815 3336 ‘ce
832 3281 926 3336 ducat’
988 3287 1040 3339 363
1061 3281 1135 3336 ‘hec'

125 3358 176 3408 368
197 3351 316 3408 ‘retulit’
338 3353 458 3407 alterum
476 3355 490 3406 t
508 3367 643 3420 superscr.
712 3355 764 3406 375
786 3351 882 3408 ‘muto'
947 3356 1000 3408 376
1020 3352 1134 3423 ‘adque’

124 3425 138 3476 t
156 3439 292 3494 superscr.
347 3428 400 3478 380
421 3422 545 3478 ‘cenosa'
569 3421 725 3491 ‘palustris’
745 3423 858 3478 litterae
877 3424 920 3479 lus
939 3440 989 3492 per
1008 3438 1137 3493 compon-

125 3494 203 3549 dium
231 3493 353 3562 scriptae
434 3497 487 3548 384
510 3491 660 3548 ‘Tristitia’
691 3491 783 3549 altera
810 3493 921 3564 syllaba
947 3494 972 3548 ti
998 3493 1137 3550 exstincta

124 3569 176 3622 386
198 3564 321 3620 ‘initam’
378 3568 431 3620 383
452 3564 557 3620 ‘obelis'
614 3568 666 3619 386
686 3564 744 3618 ‘Ei’

940 3606 979 3708 ’μ
