2354 3946
435 191 484 250 111.
509 191 559 246 DE
576 190 707 246 UERBO.
1021 195 1081 260 135

56 346 123 411 sint
143 349 179 410 et
200 344 323 423 clerae,
346 343 410 408 nisi
423 348 533 409 temen
550 345 684 409 uerbum
699 344 854 422 adfuerit,
878 345 1081 411 infirmantur

56 436 90 496 et
109 429 347 494 nullificantur.
382 428 467 494 unde
489 433 522 494 et
541 431 644 493 status
659 428 750 493 uerbi
765 451 784 492 a
798 429 963 494 nonnullis
979 431 1081 495 uirtus

56 517 278 598 nuncupatur.
313 513 398 597 quod
425 514 628 578 uerissimum
656 516 719 598 est,
748 514 822 597 quia
850 518 883 578 et
903 516 1081 579 testimonii

57 601 164 665 uirtus
185 600 222 663 in
244 597 422 663 indicatiuo
444 599 497 662 uel
518 599 710 683 imperatiuo
726 599 778 662 uel
792 599 929 663 maxime
944 600 1082 664 traditur

57 684 171 762 modo,
200 683 258 767 qui
287 682 350 746 dno
377 683 412 746 in
438 683 528 747 uerbi
556 683 701 747 oratione
728 684 903 748 firmissimi
932 683 1105 749 dicuntura

58 768 157 835 modi.
202 767 335 852 quidam
368 770 486 832 etaim
515 768 607 832 uerbi
635 768 724 832 huna
751 789 819 832 esse
849 768 974 846 dieunt,
1009 791 1082 834 oum

59 856 164 920 nolum
192 852 329 917 uerbum
356 852 425 917 aine
452 852 518 916 ullo
540 851 670 917 alterius
691 853 793 936 partis
814 854 971 917 orationis
995 855 1082 917 adiu-

58 942 172 1005 mento
194 936 333 1002 edicitur
359 940 397 1001 ut
424 940 473 1002 est
501 938 564 1021 lepo
594 937 647 1001 uel
669 939 737 1002 dieo
759 938 812 1001 uel
834 940 912 1004 diui.
950 939 1082 1021 quodsi

59 1030 125 1105 eat,
147 1022 206 1086 ubi
226 1021 332 1086 uirtus
354 1023 535 1106 apparebit,
565 1023 591 1086 si
614 1043 710 1106 agere
732 1022 866 1086 uerbum
888 1023 992 1087 uisum
1015 1045 1082 1087 non

59 1106 187 1173 fuerit?
227 1106 331 1170 uirtus
361 1107 447 1170 euim
474 1106 565 1171 uerbi
593 1107 691 1171 actiui
720 1128 786 1171 non
816 1108 851 1171 in
872 1107 932 1171 hoo
953 1111 1082 1172 tantum
1096 1132 1120 1172 ro

60 1191 269 1278 agnoscitur,
295 1190 379 1275 quod
401 1191 507 1275 ipsum
530 1191 664 1254 uerbum
687 1192 721 1254 in
745 1192 833 1255 omni
856 1193 1001 1257 oratione
1017 1193 1082 1276 pri·

59 1298 150 1343 mum
171 1275 338 1360 loquatur,
361 1296 473 1339 uerum
496 1276 593 1340 etiam
616 1296 689 1339 oum
711 1277 816 1341 aotiuo
840 1275 952 1341 hereat
967 1279 1081 1342 cassui.

146 1360 198 1426 De
224 1361 287 1425 hoo
314 1363 402 1424 statu
429 1360 546 1425 librum
571 1359 839 1444 eligantissimum
861 1382 958 1444 supra
980 1361 1082 1427 dietus
1157 1388 1162 1394 ·

61 1444 274 1513 (lornilius
290 1444 399 1528 edidit,
414 1466 510 1528 quem
524 1445 551 1509 si
566 1445 733 1509 uolueritis
749 1445 864 1531 legere,
881 1447 914 1509 in
930 1450 1083 1530 promptu

59 1529 198 1597 habetis.
234 1552 274 1594 ex
301 1550 365 1613 quo
388 1550 487 1594 unum
509 1532 638 1594 tantum
660 1551 784 1594 sumam
806 1531 954 1609 uerbum,
985 1534 1083 1595 immo
1097 1552 1122 1592 ra

60 1638 100 1681 ox
122 1614 225 1680 uerbo
247 1614 441 1698 capitulum,
465 1615 499 1677 in
523 1636 586 1698 quo
609 1617 711 1679 status
732 1615 823 1679 uerbi
846 1614 1013 1678 euidenter
1028 1637 1083 1699 ap-

59 1701 183 1787 pareat.
220 1720 321 1782 quare
343 1698 389 1762 ait
408 1703 510 1764 stata
531 1700 672 1776 dicatur,
695 1700 850 1781 iatellepe:
873 1701 950 1780 qaia
966 1701 1002 1762 ia
1011 1700 1082 1781 pri-

60 1787 387 1937 aeaeae
415 1783 1084 1866 f

60 1956 131 2021 ideo
163 1953 390 2037 appellandam
417 1957 550 2035 patant,
585 1954 663 2035 qaia
694 1918 826 2018 aeidum
856 1973 914 2034 per
942 1953 1084 2017 ordinem
1096 1979 1121 2018 ao

62 2040 259 2105 declinatio:
286 2057 358 2102 eum
384 2038 469 2103 eaira
491 2038 569 2102 dieis
590 2042 720 2118 statam,
752 2057 816 2102 aon
838 2057 876 2102 ea
897 2037 961 2102 alio
983 2038 1083 2119 modo,

59 2128 188 2209 praeter
215 2142 314 2205 quam
341 2126 404 2188 stat
428 2123 479 2187 uel
500 2126 675 2206 statuatur,
705 2122 842 2204 iateltepi
863 2123 957 2188 debet.
1000 2123 1084 2188 uode

62 2214 92 2275 et
114 2228 213 2291 aeper
238 2211 324 2272 atam
351 2207 488 2272 bominis
515 2207 570 2271 too
597 2208 745 2290 dicimos,
774 2208 858 2288 qaod
883 2208 973 2272 tomo
994 2209 1030 2272 ia
1052 2228 1084 2272 eo

64 2294 148 2443 paud
179 2293 327 2375 eoeperit,
354 2295 594 2373 perseueranter
621 2295 706 2356 stare
735 2293 893 2358 uideatur.
939 2293 1024 2357 siout
1052 2295 1085 2356 et

65 2374 1085 2527 tlttat'ttltdetl-‘'ttttllittetltttat
1098 2407 1123 2447 ²⁵

66 2549 98 2613 tir
118 2551 205 2631 cepto
221 2550 424 2630 permaneat,
452 2545 535 2611 aibit
555 2545 775 2611 instabilitatis
796 2483 935 2625 iubebit,
962 2547 1017 2611 sed
1037 2547 1086 2611 ia·

66 2632 224 2698 mantilia
245 2630 474 2713 quadammodo
495 2634 524 2694 et
545 2634 691 2695 aeternas
712 2631 942 2696 aestimabitur.

146 2715 246 2782 Hune
274 2714 344 2779 Ori
378 2713 480 2778 inem
516 2735 588 2777 oum
620 2713 758 2778 Romani
791 2715 936 2799 legerent
968 2715 1085 2800 (fidelis

68 2734 390 2951 ltqtttlit
412 2798 1084 2948 ltltntlfiltlltllft”ttdtl
1099 2827 1124 2866 ⁸⁰

69 2990 170 3036 eornm
193 2933 390 3035 auctoritate
417 2969 563 3033 uirorum
586 2905 734 3032 Rdlmana
755 2969 862 3033 tenuit
883 2988 919 3030 ao
942 2905 1086 3029 sbruauit

71 3056 213 3133 eeclesia,
236 3057 275 3118 ut
296 3052 545 3117 christianorum
568 3052 643 3116 libri
664 3052 929 3135 philosophorum
952 3049 1083 3132 reposit

10 3172 12 3237 ἱ
70 3160 85 3203 a
111 3140 288 3227 gentilium
324 3138 451 3222 seriptis
484 3137 689 3201 haberentur.
739 3158 809 3201 cum
841 3133 926 3197 enim
956 3155 1085 3198 neeesse

10 3242 13 3301 l
70 3222 220 3293 baberent
248 3223 397 3289 homines
426 3223 459 3286 in
483 3221 669 3286 liberalibus
691 3219 861 3285 saecularia
884 3218 1084 3282 litteraturae
1098 3251 1123 3292 a

10 3384 12 3395 Ι
126 3430 171 3487 tf.
189 3426 295 3499 quodni
313 3424 365 3480 nbi
383 3425 427 3478 ert
442 3424 476 3479 N
485 3425 495 3493 ll
507 3429 540 3478 25
559 3422 680 3491 Originis
697 3421 795 3489 Ν1129
814 3419 911 3475 fideles
928 3419 1027 3488 Ν1133
1044 3436 1086 3474 se·

70 3496 143 3563 potiti
159 3498 265 3553 Maius
282 3495 317 3549 ia
330 3492 428 3561 prima
446 3492 573 3548 editione.
693 3568 698 3575 Ι
