2354 3946
119 186 179 251 166
350 182 505 239 VIRGILII
523 182 689 238 mancius
706 182 915 239 EPISTOLAE.

118 337 266 402 lectionis
288 336 368 401 haec
389 337 488 401 uerba
511 335 686 402 seeundum
708 337 847 401 actiuam
868 337 1142 422 significationem

116 423 168 486 bis
192 442 286 506 agere
308 425 342 486 et
364 420 538 486 secundum
552 420 716 505 passiuam
729 423 827 486 tertia
841 423 924 486 uice.
958 422 1039 486 dicis
1058 425 1142 489 enim

118 508 261 573 nouauit
281 526 312 573 se
334 507 426 572 tastu
449 510 481 570 et
502 507 648 573 testatus
668 510 713 572 eat
733 507 835 573 hasta.
872 505 936 571 hoc
952 510 984 572 et
998 507 1040 571 de
1056 509 1142 573 omni

118 594 236 675 uerbo,
272 591 355 678 quod
385 590 522 656 ornandi
553 590 772 655 deornandiue
801 589 1012 656 efficientiam
1042 596 1140 676 tenet,

92 702 105 744 a
119 677 347 742 incunctanter
362 676 465 761 accipi
479 677 587 761 potest
601 678 638 740 nt
652 694 740 754 orno,
763 695 887 757 corono,
910 677 1020 760 culcio,
1037 681 1141 761 aestio,

118 762 249 841 amicto,
265 763 371 845 cippo,
386 763 506 844 tunice,
522 762 628 842 testor,
642 760 766 844 plodio,
782 761 892 843 mitro,
910 782 1019 845 armo,
1035 762 1149 846 apotio,'

118 848 219 926 nudo,
249 848 380 928 unaue,
405 847 537 929 fraudo.
582 845 628 909 sic
655 848 688 908 et
715 844 892 909 secundum
920 847 1025 910 animi
1053 869 1143 912 orna·

118 936 265 996 mentum
286 936 322 996 ut
343 933 448 1012 doceo,
471 932 597 1009 erudio,
619 931 732 1013 intuo,
754 930 893 1010 instrue,
916 929 1070 1011 informo.

204 1015 327 1080 Uerum
349 1015 442 1078 huius
466 1016 621 1098 epistolae
644 1018 821 1098 oportunus
843 1014 976 1097 quidem
997 1016 1074 1081 finis
1097 1019 1144 1082 in·

81 1100 270 1197 1eminaret3
287 1099 341 1162 sed
357 1100 501 1181 quaestio
517 1120 598 1182 quae
613 1098 813 1198 perdifficilis
825 1105 875 1196 est
887 1099 928 1163 ad
940 1100 1140 1198 soluendum,

117 1183 522 1351 autumnus
539 1183 1141 1354 tuuueuuustinus

116 1355 166 1416 est
188 1352 322 1416 uerbum
345 1351 510 1434 deponens
538 1374 577 1417 ex
599 1374 662 1436 quo
684 1356 837 1436 quattuor
858 1354 1034 1438 participia
1057 1355 1142 1420 trahi

115 1435 267 1500 uidentur
298 1441 335 1500 ut
363 1437 463 1519 orior,
496 1458 535 1501 ex
566 1459 629 1521 quo
665 1443 713 1501 est
747 1439 852 1503 oriens
884 1443 1030 1504 oriturus
1057 1445 1143 1506 crtus

78 1544 103 1584 ιε
116 1521 281 1587 oriundus.
325 1522 489 1604 quaeritur
518 1524 629 1606 itaque
662 1522 801 1606 qualiter
829 1522 890 1586 hac
923 1524 1054 1589 ratione
1094 1526 1140 1590 ut'

116 1605 306 1687 debeamus,
342 1627 413 1669 cum
448 1607 583 1671 uerbum
615 1606 780 1694 passiuum
812 1628 879 1671 non
912 1608 970 1691 sit,
1004 1630 1045 1673 ax
1077 1631 1141 1694 quo

115 1690 273 1755 trahatur.
312 1693 467 1757 oriundus
493 1692 621 1756 uidetur
642 1691 833 1776 quibusdam
855 1713 923 1757 non
947 1713 1017 1757 esse
1040 1695 1141 1778 parti·

117 1775 253 1858 cipium,
278 1775 333 1839 sed
354 1797 474 1840 nomen
496 1777 659 1860 participii
681 1775 841 1860 temporis
863 1775 965 1840 futuri
987 1777 1093 1842 simile
1109 1783 1145 1843 ut

112 1859 318 1941 furibuudum,
342 1861 560 1940 laetabundus,
580 1861 817 1944 meditandus,
835 1862 1054 1928 nutabundus.
1087 1864 1142 1927 sed

78 1946 196 2010 sohaec
224 1945 334 2029 opinio
364 1967 432 2010 non
460 1946 540 2010 mihi
568 1947 695 2010 uidetur
722 1967 791 2010 esse
820 1946 1032 2027 conueniens,
1066 1970 1142 2013 uam

116 2030 321 2114 participium
354 2033 509 2096 oriundus
540 2053 635 2095 nemo
668 2030 814 2114 ambigit.
857 2030 914 2094 sed
947 2052 1045 2114 super
1082 2032 1142 2098 hoc

116 2115 372 2200 Gaibungum
386 2116 587 2199 interrogans
603 2114 699 2179 simut
711 2114 897 2194 Aeneam,
914 2116 955 2178 ab
972 2117 1018 2180 eis
1033 2119 1141 2182 uniter

116 2199 240 2282 audiui,
267 2200 342 2282 quia
368 2199 431 2263 hoc
459 2199 664 2282 participium
691 2199 774 2262 sicut
802 2203 834 2262 et
860 2205 948 2264 ortus
969 2203 1136 2284 praeteriti

116 2283 270 2367 temporis
298 2284 355 2366 sit3
384 2282 468 2347 unde
496 2284 586 2348 etin
607 2283 873 2347 annumeratione
895 2287 1139 2370 participiorum

78 2389 104 2432 aa
117 2368 308 2452 interposita
330 2368 555 2432 coniunctione
578 2367 779 2450 distinction,
808 2367 854 2430 sic
877 2368 1013 2434 dicimus
1035 2373 1140 2437 oriens

117 2456 259 2519 oriturus
285 2457 371 2518 ortus
392 2453 445 2516 uei
467 2454 638 2529 oriundus:
666 2472 790 2535 exque
814 2451 1032 2537 ostendimus,
1062 2455 1138 2521 haec

139 2721 145 2733 .
185 2661 227 2734 ξς).
248 2654 318 2710 Eae.
342 2655 427 2733 Beria
450 2656 553 2733 200p7
572 2658 597 2709 et
619 2653 700 2708 Leia.
718 2653 739 2719 f.
756 2656 817 2706 80³:
847 2652 898 2707 Est
922 2656 1053 2732 quaestio
1073 2656 1140 2777 per-

117 2721 228 2776 dificilis
257 2723 404 2790 queantur
431 2722 573 2791 (quantur
596 2721 633 2790 L)
661 2722 774 2788 1taque,
801 2736 858 2788 qua
886 2724 997 2776 ratione
1022 2739 1073 2778 ver
1093 2742 1141 2778 um

117 2789 262 2869 deponens
284 2793 314 2844 et
334 2789 391 2844 tria
411 2789 565 2910 participia
593 2788 753 2859 (participia
775 2789 830 2841 tria
852 2787 890 2853 L)
913 2791 980 2867 sunt
1001 2792 1034 2844 ut
1058 2792 1140 2857 orior,

118 2863 211 2912 omens
233 2857 356 2911 oriturus
379 2873 410 2910 or
425 2875 456 2910 us
481 2857 615 2911 oriundus
639 2873 703 2910 cum
726 2871 782 2909 non
804 2856 882 2976 sitsp

118 2925 257 3002 trahatur..
291 2939 376 2993 super
398 2940 454 2991 quo
472 2927 600 2979 Aeneam
623 2925 728 2993 (aniam
746 2923 783 2991 L)
807 2925 837 2977 at
880 2923 1039 3003 elbungum
1056 2927 1141 2981 intar-

118 2991 627 3128 ffiffiutiauffiggoiifflnip'ffig
643 2992 706 3059 (hec
725 2992 765 3059 L)
788 2990 843 3044 duo
865 2992 1019 3062 part1cip1a
1038 2995 1138 3048 ‘ortus’

884 2872 1007 2911 assivum
1031 2874 1140 2928 exque

187 3251 200 3298 1
225 3244 318 3299 activa
346 3245 514 3314 significatio
537 3245 594 3314 Ni
613 3252 628 3299 3
650 3247 879 3301 astavit—astam
902 3244 937 3300 N
951 3246 960 3312 ΙΙ
977 3244 1141 3301 hastatus—

118 3325 400 3425 hastam-hastissitus-
414 3347 477 3469 ΝΛ]
499 3353 515 3400 4
542 3326 729 3402 deornandive
752 3348 796 3415 N,
820 3346 1006 3402 decorandive
1025 3348 1092 3403 Mai
1104 3350 1142 3417 to

116 3412 447 3549 pappptgossrtlppippoass
481 3416 534 3536 ¹.ss
553 3431 599 3469 ser
616 3416 784 3486 paulongius
801 3415 836 3471 N
844 3417 854 3483 ΙΙ
867 3415 893 3483 a]
913 3413 949 3466 ad
966 3414 1001 3470 N
1009 3415 1020 3484 ss
1034 3422 1067 3470 13
1086 3431 1141 3486 quo
