2354 3946
105 175 168 242 132
356 172 430 229 VIII.
459 171 613 230 clausu
631 171 681 228 DII
699 171 727 228 S.
741 171 858 229 Lucre.

103 338 172 405 Nec
197 336 277 403 mihi
299 336 478 421 perquiras,
500 356 559 400 nec
583 339 616 400 te
640 335 795 401 suadente
817 339 954 420 paretur
976 371 1017 384 —

33 444 85 495 150
104 426 304 494 Concubitus
327 425 409 491 mihi
433 423 573 491 carnalis
598 425 653 508 qui
676 424 871 508 polliceatur

104 515 202 602 Spem
226 515 351 580 fructus
376 514 471 598 aequi
495 513 621 599 generis
646 534 847 579 succrescere
868 534 1011 578 ramum.

103 603 228 671 Verum
252 604 281 669 si
304 625 367 690 qua
391 607 481 668 tuam
504 603 637 668 valeant
659 600 823 668 inflectere
844 605 994 667 mentem

103 693 238 759 Viscera
261 697 428 758 maternae
451 691 594 776 pietatis,
619 693 653 755 et
675 693 726 755 est
748 691 838 756 locus
861 689 939 756 imis

106 781 140 848 Si
165 781 335 867 quisquam
358 780 518 867 precihus,
540 779 668 864 placido
691 783 729 845 tu
752 778 880 864 suscipe
902 780 1002 845 vultu

35 887 86 938 roo
105 870 226 936 Mentis
250 874 283 935 et
305 871 340 934 in
362 873 461 953 portu
484 867 662 953 tranquille
684 868 774 953 haec,
796 888 906 951 posco,
929 869 1074 935 revolve.

105 958 176 1025 Ista
198 959 327 1043 quidem
352 963 441 1041 sunt,
465 978 547 1042 quae
570 978 697 1042 precor:
720 960 758 1022 ut
780 956 864 1021 mihi
885 956 942 1022 des
966 957 1104 1024 adeunti

106 1046 270 1114 Caelestes
294 1046 469 1130 thalamos,
497 1046 643 1110 studiose
666 1067 813 1130 quaeque
835 1046 958 1130 parast'

106 1133 278 1219 Corporeis
302 1133 406 1199 taedis
429 1133 553 1198 frustra
575 1133 759 1218 Venerique
781 1133 922 1200 futurae.

105 1222 153 1289 Ut
175 1222 276 1287 facias
300 1222 427 1286 inculco
450 1242 581 1307 rogans,
604 1244 687 1307 quae
711 1244 831 1289 cernua
852 1222 975 1306 poseo?

36 1328 88 1378 loo
106 1311 227 1377 Inclita
249 1309 419 1394 respondit
441 1315 538 1376 natae
561 1315 712 1376 matrona
733 1311 856 1397 petitis,

107 1399 206 1467 Cuius
231 1399 335 1466 adhuc
359 1420 491 1465 sensum
513 1399 669 1465 caecabat
691 1401 807 1466 vulnus
831 1403 997 1484 opertum,

107 1488 262 1573 Corporis
287 1488 429 1555 exterius
452 1488 530 1554 licet
553 1488 663 1554 omnia
686 1488 834 1554 membra
855 1488 1020 1573 vigerent:

108 1578 217 1644 ‘Patre
240 1582 298 1643 tuo
321 1578 387 1642 iam
411 1577 563 1643 defuncto
585 1578 755 1663 praeclara
779 1577 964 1663 suppellex,

109 1667 198 1743 Quae
221 1670 297 1751 post
321 1670 415 1732 aucta
440 1666 552 1731 avidos
577 1665 673 1731 sudat
696 1669 884 1732 constanter
908 1688 1056 1752 acervos,

39 1769 89 1820 165
109 1754 155 1821 Te
178 1759 289 1821 manet
313 1759 410 1840 atque
433 1758 509 1820 tuos
533 1754 699 1821 cumulata
720 1754 843 1819 feretur
866 1755 901 1819 in
923 1777 1017 1841 usus3

109 1844 198 1920 Quae
222 1864 299 1909 vero
323 1866 397 1909 mea
420 1847 508 1928 sunt,
532 1844 608 1908 dum
630 1843 716 1927 vivo,
739 1847 893 1909 tenentur
916 1843 1004 1928 apud
1029 1867 1093 1912 me.

109 1931 230 1998 Claude
254 1954 343 1999 meos
367 1933 493 1998 oculos:
517 1936 574 1998 tue
596 1931 752 2017 posthaec
776 1933 885 1998 omnia
908 1931 1011 1997 fiant'

108 2021 212 2107 Virgo
237 2021 289 2085 dei
311 2021 453 2106 prudens
477 2026 622 2086 mentem
644 2021 810 2086 tabescere
833 2021 947 2086 matris
973 2057 1016 2068 —-

110 2110 217 2175 Pestis
243 2110 400 2176 avaritiae
424 2110 581 2175 turbabat
603 2109 770 2191 Dindyma
791 2132 930 2195 nequam
956 2144 997 2159 ···

41 2197 157 2263 170111
181 2199 295 2280 sensit,
320 2198 434 2263 morbo
458 2198 601 2263 venienti
625 2221 792 2264 occurrere
816 2200 940 2284 statim,

110 2285 243 2351 Scilicet
266 2284 328 2349 hoo
352 2284 522 2349 stomacho
544 2285 725 2351 fomentum
749 2288 888 2372 protulit
910 2307 1026 2373 aegro:

110 2373 199 2439 ‘Non
222 2372 315 2457 <est>
340 2371 520 2437 altithrono
543 2374 619 2439 fidei
641 2375 768 2441 fervore
792 2374 950 2460 probatus

110 2463 172 2528 IIIa
196 2462 286 2548 satis,
310 2461 366 2547 qui
388 2461 525 2548 praebet
549 2462 592 2548 ei,
616 2464 702 2548 quod
725 2485 759 2528 se
782 2463 930 2549 rapiente

111 2551 218 2618 Morte
240 2552 353 2638 nequit
378 2575 487 2619 secum
510 2554 729 2639 portare-sed
752 2554 864 2637 utique
888 2551 943 2640 qui
966 2553 1036 2638 dat,

42 2654 93 2705 176
113 2641 192 2720 Quis
215 2643 305 2707 ualet
327 2642 381 2708 hic
403 2641 506 2727 pasci,
528 2642 638 2725 potius
662 2643 844 2709 miserendo
868 2641 1014 2707 misellis

114 2729 167 2795 Sic
189 2730 265 2813 tibi,
289 2751 371 2812 quae
396 2730 485 2814 diois,
508 2731 641 2815 pariunt
663 2733 746 2797 nihil
769 2732 933 2798 utilitatis.

111 2817 203 2905 Ergo
228 2815 376 2903 agedum,
399 2820 567 2883 committe
589 2820 676 2902 polo,
700 2841 782 2902 quae
804 2820 969 2886 vermibus
993 2840 1084 2905 esca,

111 2906 224 2972 Perdit
246 2905 374 2988 humus,
395 2910 490 2969 vorat
512 2905 611 2991 ignea
633 2906 684 2971 vis
707 2906 873 2990 uiolatque
896 2911 1057 2994 vetustas3

112 2992 199 3058 Nam
221 2993 348 3057 miseris
372 2993 492 3059 collata
515 2993 614 3058 nimis
637 2992 770 3058 fortuna
792 2994 944 3060 nitescit?

186 3187 237 3236 151
258 3184 294 3238 ‘ei
316 3185 380 3253 qui’
444 3191 494 3241 158
514 3184 599 3240 ‘tedis
621 3183 724 3238 fustra'
786 3187 836 3238 159
857 3184 897 3239 ‘in
921 3186 1013 3243 oulco’
1076 3195 1128 3245 160

115 3254 171 3309 ‘res
189 3253 253 3323 pair
269 3255 348 3308 nate'
402 3261 455 3311 166
469 3253 619 3324 ‘preclara'
672 3260 723 3310 166
739 3254 829 3323 ‘aput'
883 3263 932 3312 167
949 3259 1028 3327 ‘post
1043 3259 1127 3315 haeo'

115 3325 207 3380 ‘fiant'
234 3341 271 3379 an
295 3325 401 3393 ‘fient'l
471 3332 522 3381 169
542 3322 705 3381 ‘eusticius'
732 3323 880 3380 ‘dindima'
908 3328 1053 3397 ‘nequam'
1077 3345 1130 3398 per

114 3395 311 3466 compendium
329 3395 406 3452 linea
425 3399 455 3452 et
473 3412 557 3467 supra
575 3399 605 3452 et
621 3395 696 3450 infra
714 3396 798 3451 ducta
817 3396 951 3466 scriptum
971 3400 1015 3453 est
1075 3404 1127 3455 172

116 3467 177 3522 ‘esi’
202 3467 307 3522 excidit
375 3473 426 3524 173
451 3467 571 3537 ‘prebet’
641 3470 693 3520 174
719 3466 763 3522 ‘aa
785 3468 864 3536 quid'
891 3469 1005 3538 ‘inique’
1075 3475 1128 3526 1⁷5

117 3536 238 3609 ‘pocius’
297 3544 346 3593 177
368 3540 433 3610 ‘ege
451 3539 530 3593 dum'
552 3538 708 3594 ‘calamites'
732 3538 835 3594 ‘aesca’
