2422 3976
435 189 484 244 IV.
510 187 600 244 VITA
618 187 832 245 1111151111.
1099 188 1144 253 43

128 351 199 415 Iam
221 351 377 436 permitte
402 351 512 435 deum,
535 351 667 416 sibimet
688 351 755 416 iam
778 373 870 416 sacre
893 351 1027 435 rependi
1124 349 1129 355 ’

10 514 13 523 Ι
130 439 233 525 Seque
257 440 320 504 coli
343 441 479 505 iubeant
501 441 634 505 tandem
657 444 756 525 caput
779 443 876 523 atque
899 440 1029 504 reflecti.

56 548 110 597 145
132 527 195 593 Sed
218 528 304 613 quod
327 529 453 594 adhoc
476 529 569 594 video
593 529 685 594 vanis
708 533 742 593 te
764 529 895 593 tendere
918 528 1040 593 verbis:

130 617 262 701 Perfice,
285 617 371 701 quod
394 618 528 682 suadere
550 618 676 701 nequis,
699 618 785 701 quod
808 620 938 682 constat
961 615 1142 700 agendum?

126 705 265 771 Praeses
289 707 328 771 ad
352 707 432 771 haec
455 706 639 790 praedictus
662 705 710 770 ait
731 706 905 770 temnenda
928 711 1070 770 secutus:

130 793 238 880 ‘Elige
262 816 431 860 secernens
455 817 555 859 unum
578 794 653 878 tibi,
677 795 779 879 uirg0‚
803 795 953 858 duorum:

131 882 198 947 Aut
221 882 357 947 Vestam
382 884 420 947 de
444 905 534 948 more
558 882 653 947 deum
675 904 829 946 venerare
852 882 977 967 pudicis

57 991 110 1039 150
130 970 212 1037 Cum
234 972 378 1055 reliquis,
402 975 458 1036 aut
481 971 616 1037 moecha
637 972 728 1036 velut
751 971 931 1055 stuprando
953 969 1114 1034 traheris?

130 1060 220 1124 Tune
243 1064 384 1146 augusta
406 1059 507 1124 refert
531 1059 652 1145 Agnes,
674 1060 805 1124 virtutis
830 1058 994 1143 adeptrix:

131 1147 177 1212 ‘Si
200 1170 323 1230 nosses,
345 1148 488 1234 indigne,
512 1170 633 1227 meum,
656 1147 830 1231 praefecte,
852 1151 1038 1231 tonantem,

129 1237 199 1301 Ista
221 1236 331 1302 forent
354 1259 420 1302 non
443 1258 499 1302 ore
521 1241 579 1302 tuo
604 1237 798 1320 deprompta
820 1235 990 1320 loquendo.

128 1324 222 1389 Unde
246 1330 320 1390 tuas
341 1329 515 1391 contemno
539 1325 655 1409 minas,
678 1325 808 1390 virtutis
832 1345 963 1389 enorme

57 1433 109 1482 155
130 1412 222 1488 Quod
245 1414 369 1479 domini
392 1414 641 1498 cognosco-mei
664 1415 729 1478 iem
753 1413 847 1478 corde
871 1434 991 1477 secura.

129 1501 233 1567 Oredo
258 1503 387 1587 quidem
410 1525 470 1568 nec
493 1525 577 1568 vana
598 1502 689 1585 fides,
712 1501 799 1585 quod
822 1501 930 1565 salver
953 1501 995 1565 ab
1019 1502 1108 1566 omni
1159 1526 1205 1566 11

128 1590 318 1674 Impolluta,
340 1591 459 1675 feram,
482 1596 607 1674 stupro,
629 1612 689 1656 nec
711 1590 780 1654 liba
803 1589 953 1654 metallis.

129 1678 283 1763 Corporis
306 1681 452 1765 angelico
475 1682 567 1743 tutor
590 1679 737 1762 custode3
760 1678 906 1742 tonantis

128 1767 245 1850 Unica,
268 1768 355 1834 haud
378 1789 534 1853 unquam,
558 1767 698 1851 suboles,
722 1788 820 1851 quam
843 1787 940 1831 nosse
963 1767 1143 1850 probaris.

57 1874 109 1925 160
127 1855 240 1920 Murus
264 1861 297 1920 et
320 1879 412 1921 arma
435 1857 529 1941 mihi,
552 1877 706 1940 praesens
730 1854 881 1920 defensor
902 1855 1031 1939 ubique,

128 1944 272 2029 Pervigil
296 1949 360 2029 est,
387 1967 566 2030 nunquam,
588 1949 714 2028 custos,
737 1943 793 2028 qui
816 1942 936 2008 dormit
958 1943 994 2007 in
1017 1965 1141 2010 aevum.

128 2032 233 2097 Fabre
255 2033 353 2116 fiunt,
376 2054 467 2118 quos,
492 2055 565 2097 aere
589 2032 648 2116 dii,
671 2036 842 2099 veneratus
866 2031 991 2113 adoras,

129 2120 313 2203 Gressibus,
337 2125 393 2186 aut
415 2120 560 2205 tapidum
584 2123 692 2205 sectis,
715 2122 832 2207 quibus
855 2121 922 2186 ima
944 2121 1083 2204 plateae,

128 2209 244 2273 Pervie
267 2231 331 2294 quo
355 2212 440 2274 fiant
459 2210 587 2295 melius,
610 2213 809 2295 sternuntur,
831 2211 947 2275 euntis.

56 2317 108 2366 165
127 2297 204 2364 Non
226 2298 372 2383 lapidum
397 2299 521 2383 species
544 2299 648 2365 deitas
672 2302 730 2363 aut
753 2299 837 2364 aeris
860 2299 974 2363 inanes

127 2386 310 2470 1111111111,
333 2387 437 2470 celsis,
459 2387 613 2472 latebras,
636 2389 692 2453 sed
715 2393 833 2473 regnat
855 2388 891 2451 in
913 2387 1020 2452 astris.

127 2474 174 2539 Ut
197 2476 373 2541 simulacra
396 2475 458 2540 diis
481 2477 566 2542 fiunt
588 2476 730 2542 conflata
752 2498 811 2561 per
833 2476 957 2561 ignem,

128 2561 277 2628 Cultores
302 2565 348 2629 sic
371 2564 458 2650 ignis
482 2564 563 2629 edax
587 2566 725 2630 torrebit
749 2587 860 2628 eorum

128 2652 237 2735 Teque
261 2652 359 2718 simul
381 2653 472 2718 nulla
494 2652 569 2716 fidei
591 2653 719 2717 ratione
741 2652 900 2766 potitum,

57 2739 264 2809 wolfonis
287 2741 323 2805 ni
346 2743 478 2826 dempta
499 2742 559 2805 fiat
582 2741 709 2806 cultura
732 2739 900 2824 profanis.

127 2828 290 2894 Praesidis
313 2829 379 2894 iste
401 2831 543 2894 fremens
566 2829 766 2895 incanduit
757 2851 819 2913 rra,
841 2829 969 2894 theatro

56 2901 204 2981 Mox
227 2921 325 2982 exuta
288 2918 437 2983 ttrahi
459 2923 531 2984 vest
533 2939 577 3001 es,
600 2918 656 2982 ah!
679 2916 773 3002 virgo
796 2917 935 2999 iubetur,

127 3003 189 3069 Sed
213 3008 318 3071 crines
342 3007 444 3072 effuse
467 3007 573 3090 magis
596 3005 717 3071 vestita
739 3004 876 3070 videtur.

533 3134 733 3205 Apostrophus.

126 3235 201 3300 Dux
224 3237 356 3319 inceste,
378 3235 476 3301 nimis
501 3235 655 3299 miserum
679 3256 775 3320 quem
797 3255 903 3319 poena
926 3237 1090 3319 sequatur,

55 3342 107 3390 175
128 3325 226 3407 Quid,
249 3346 340 3410 rogo,
364 3323 502 3407 deliquit
523 3323 622 3387 nullis
646 3323 775 3388 obnoxa
797 3323 961 3407 querelis?

199 3488 249 3536 141
271 3479 436 3576 predictus'
467 3477 662 3576 tempnenda'
730 3483 780 3533 150
801 3478 923 3533 mecha’
991 3481 1139 3536 1141011-

125 3554 251 3622 tempno’
310 3551 391 3606 159‘
394 3549 539 3620 umquam’
597 3550 679 3605 161‘
681 3549 847 3620 numquam’
905 3550 986 3605 172‘
987 3551 1016 3606 o’
