2354 3946
102 156 144 220 66
409 154 456 212 VI.
484 154 573 210 VITA
592 154 811 241 Β.οΑ881Αἲῌ.

46 337 81 386 45
101 317 233 383 Libavit
256 321 364 384 totum
387 318 518 383 domino
542 339 613 383 sese
635 318 670 383 in
693 319 922 384 holocaustum

100 407 141 471 Ei
166 408 287 472 servire
311 408 433 492 volens,
456 407 508 472 cui
532 428 565 472 se
589 407 772 472 subiecerat
796 406 929 492 ardens3

101 495 276 562 Crescebat
301 497 424 560 meritis
447 496 535 560 vitae
558 496 730 560 crescendo
755 495 940 561 momentis.

100 584 194 661 Quod
216 585 269 649 lex
291 583 469 670 praecepit,
493 586 579 668 quod
601 584 706 668 patris
729 585 837 669 gratia
860 588 984 671 sanxit,

100 673 236 738 Viribus
261 674 428 759 egregium
453 672 533 738 totis
556 672 717 738 imitando
741 673 937 760 magistrum

47 784 81 832 ao
99 761 264 847 Implebat
288 763 395 827 studio
419 762 503 847 legis
527 762 590 826 duo
614 762 703 826 iussa
726 762 896 846 patrando,

339 901 381 954 De
400 900 552 955 virtutibus
572 898 765 969 spiritualibus
784 900 813 954 in
833 917 874 955 eo.

100 992 229 1057 Interea
252 993 376 1057 iuvenis
400 991 525 1076 capsim
547 991 708 1055 formatur
732 991 899 1076 absumis,

99 1079 255 1163 Quodque
277 1081 369 1163 prius
393 1080 514 1162 coepit,
537 1080 641 1163 gestis
664 1080 852 1145 cumulabat
875 1081 1005 1165 opimis.

97 1168 224 1250 Nempe
247 1167 318 1232 viro
341 1166 447 1231 factus
472 1167 570 1250 digno
594 1190 727 1233 consors
751 1168 902 1234 Hilarino

98 1255 254 1320 Excubiis
277 1255 395 1337 nictat‚
418 1255 536 1319 divinis
560 1256 709 1321 laudibus
733 1258 837 1321 instat

45 1367 78 1417 55
99 1343 235 1428 Templa
258 1344 430 1408 beatorum
453 1343 598 1408 lustrans
623 1349 656 1409 et
679 1367 734 1410 eos
759 1367 853 1429 prece
875 1346 1013 1431 pulsans

98 1432 243 1518 Optabat
266 1433 392 1498 meritis
417 1434 562 1516 ipsorum
587 1455 685 1517 seque
708 1434 822 1499 iuvari.

98 1521 185 1599 Quos
210 1523 318 1588 animo
342 1523 469 1588 ardenti
493 1522 627 1586 sitiebat
649 1522 743 1587 valde
767 1523 906 1586 imitari:

97 1610 183 1675 Hinc
206 1611 444 1677 xenodochium
467 1614 607 1694 reparat,
631 1611 788 1675 distendit
811 1614 979 1696 aornar,

98 1698 168 1775 Quo
191 1699 288 1765 fessis
312 1700 435 1785 epulas,
458 1700 584 1764 miseris
610 1699 771 1765 solamina
794 1700 904 1782 dedat,

44 1812 78 1861 ⁶0
96 1786 220 1852 Visitet
242 1789 398 1871 infirmos,
422 1788 559 1873 dapibus
585 1791 747 1853 sustentet
770 1792 932 1873 aegrotos,
1023 1855 1025 1860 ,

95 1875 173 1942 Non
196 1899 255 1942 sua
278 1879 476 1963 perquirens,
499 1877 557 1942 sed
581 1875 705 1941 Christi
728 1877 884 1962 dogmata
906 1880 1087 1964 complens,

96 1964 236 2030 Prodere
260 1967 289 2031 si
313 1967 444 2051 scripto,
468 1966 496 2029 si
518 1965 569 2030 fas
594 1969 643 2030 est
667 1966 772 2030 dicere
795 1967 904 2049 verbo,

96 2051 185 2129 Quae
209 2054 296 2118 bona
319 2054 369 2119 vir
392 2054 530 2137 caelebs,
554 2054 664 2119 divino
688 2059 818 2118 nectare
842 2055 958 2119 sollers

96 2141 305 2207 Monstrabat
329 2143 444 2206 studiis
467 2142 599 2226 iugibus
622 2143 756 2207 firmans
781 2143 995 2209 documentis.

44 2254 76 2303 55
96 2230 231 2293 Talibus
254 2230 394 2292 instaret
417 2230 501 2292 curis
526 2229 602 2293 dum
625 2231 690 2294 tiro
714 2232 830 2315 fidelis,

96 2317 271 2400 Extemplo
294 2315 364 2379 Nili
388 2317 479 2380 volat
501 2317 617 2400 ingens
640 2317 730 2383 fama
753 2342 811 2403 per
833 2321 930 2385 urbes

96 2405 239 2469 Territat
263 2407 296 2468 et
318 2404 428 2487 plebes
453 2405 521 2469 eius
546 2405 585 2469 de
609 2407 756 2491 gestibus
782 2430 901 2473 omnes.

94 2493 188 2559 Unde
213 2493 336 2557 alacres
360 2516 425 2557 una
447 2492 598 2560 dicebant
620 2519 698 2563 voce
723 2519 855 2563 sonora:

96 2581 170 2646 ‘Est
193 2579 367 2647 Cassianus
390 2583 486 2648 nobis
510 2584 589 2649 adeo
613 2586 818 2668 recolendum

43 2696 75 2745 70
94 2669 279 2735 Nobilitate
302 2672 400 2756 nitet,
422 2674 583 2739 virtutum
606 2677 772 2762 agalmate
796 2675 904 2759 ficret,

95 2760 241 2825 Moribus
264 2760 413 2845 illustris,
437 2763 553 2827 merito
578 2766 750 2830 sublimior
774 2765 881 2848 astris,

94 2849 215 2934 Effigie
238 2850 366 2930 rutilus,
388 2851 473 2914 nulli
496 2852 618 2934 pietate
643 2852 810 2935 secundus,

95 2939 220 3004 Archas
244 2938 429 3023 mellifluus,
453 2940 542 3004 fama
564 2962 661 3023 super
685 2939 819 3004 aethera
841 2945 947 3007 notus.

164 3170 198 3219 45
217 3171 237 3216 F
254 3165 295 3218 ‘se
315 3166 356 3218 se’
373 3172 389 3217 0
406 3164 605 3219 ‘holocastum'
621 3181 640 3217 n
658 3180 793 3233 superscr.
810 3195 842 3204 -
858 3172 875 3218 0
892 3165 1060 3235 ‘spyalibus’
1073 3199 1106 3208 -

93 3243 125 3290 51
147 3243 164 3289 0
184 3237 232 3290 ‘ad
250 3237 351 3290 nndas’
373 3235 485 3305 punctis
508 3233 625 3303 singulis
647 3233 751 3288 litteris
775 3232 909 3290 subiectis
935 3238 1057 3290 deletum
1077 3240 1107 3292 et

94 3307 141 3361 ‘ab
155 3306 247 3360 annis’
265 3324 399 3376 superscr.
450 3311 484 3359 53
500 3311 517 3357 0
533 3304 656 3360 ‘ilarino'
672 3304 831 3357 r‘Ilarino'
880 3313 914 3361 56
930 3313 946 3358 0
962 3307 1103 3362 ‘obtabat’

93 3383 126 3431 00
142 3384 184 3429 00
197 3377 332 3446 ‘egrotos'
379 3383 412 3432 61
428 3384 445 3430 0
457 3376 610 3430 ‘docmata’
656 3381 690 3430 04
704 3381 721 3427 0
734 3375 924 3430 ‘monstrabit’
937 3394 955 3430 a
968 3394 1104 3445 superseri

92 3453 126 3501 60
151 3454 193 3499 00
214 3448 299 3516 ‘tyro'
369 3453 402 3501 66
428 3447 631 3516 G‘Extimplo’
662 3452 705 3500 cr
726 3444 798 3498 ‘nili’
874 3454 907 3501 68
932 3448 1102 3500 F‘elacres’

92 3523 126 3570 09
145 3523 162 3569 0
184 3519 225 3572 ‘re
243 3517 380 3572 colendus'
862 3529 864 3533 ’
