2354 3946
114 170 175 236 168
342 168 498 225 VIRGILII
513 168 680 225 MARONIS
698 168 908 226 amsuchan.

113 322 248 401 imitari,
277 342 349 386 cum
378 323 458 386 dicis
482 324 686 405 ponderatam
715 323 782 386 siue
809 324 1036 390 meditandam.
1082 327 1135 391 sed

113 409 174 472 hoc
202 408 242 471 ad
265 407 483 490 inpersonalia
505 408 605 472 uerba
626 407 845 488 referendum,
876 429 1013 491 quorum
1034 412 1136 494 parti·

115 492 201 590 cipio
228 496 303 556 sunt
330 491 410 556 haec
438 513 519 576 quae
546 492 771 575 praediximus.
809 497 885 557 sunt
913 494 1009 558 etiam
1038 497 1137 578 parti-

115 599 200 662 crp1a
228 598 309 662 quae
340 577 472 642 deficere
499 580 657 660 putantur
684 577 897 661 temporibus,
928 578 1015 663 quod
1043 581 1138 645 ualde

89 663 233 731 emirum
256 664 319 740 cst,
343 683 416 727 oum
437 662 508 748 ipsa
529 661 627 726 uerba
648 682 715 726 non
730 662 891 727 deficiant.
930 663 1061 728 credere
1077 667 1137 729 ita·

115 769 178 832 qua
205 768 273 811 non
296 748 446 812 debemus
469 747 554 830 quod
576 746 746 830 participia
767 746 874 810 uerbis
897 747 1004 812 adhuc
1027 770 1067 813 ex
1089 753 1137 814 in·

114 836 209 917 tegno
237 833 467 916 possitantibus
494 830 628 895 deficere
657 831 790 914 possint.
827 832 1000 915 participia
1027 839 1138 898 autem

115 918 196 982 talia
212 921 301 982 sunt:
316 920 455 999 studere,
478 936 555 980 nam
574 915 780 999 participium
795 915 848 980 hic
861 919 1019 1001 temporis
1035 918 1138 983 futuri

116 1024 135 1066 a
157 1004 318 1086 plerisque
340 1006 476 1085 negatur
498 1001 623 1077 haberi,
648 1005 684 1063 ut
704 1001 881 1066 dediturus
902 1023 969 1066 non
991 1002 1137 1087 dicatur3

78 1117 103 1156 10
116 1087 199 1170 quod
222 1087 337 1170 ignoro
360 1106 456 1168 quam
479 1105 578 1167 praue
599 1088 748 1168 putetur,
771 1084 834 1149 nisi
855 1085 942 1150 forte
957 1107 1031 1151 cum
1046 1109 1137 1172 prae

115 1170 246 1234 teritum
268 1175 395 1252 tempus
416 1169 593 1234 indicatiuo
614 1169 711 1234 modo
733 1169 824 1234 uerbi
845 1169 940 1234 huius
963 1193 1032 1236 nou
1056 1173 1138 1237 acci-

116 1255 190 1318 dere
219 1255 382 1332 enodatum
413 1254 498 1336 quod
526 1253 654 1336 penitus
675 1275 741 1318 non
765 1257 932 1334 conuenit,
962 1257 1040 1340 quia
1062 1278 1138 1341 sepe

114 1337 251 1420 legimus
278 1338 395 1403 dadai.
433 1343 482 1401 est
510 1339 608 1402 ctiam
635 1338 723 1404 aliud
749 1339 952 1424 participium
981 1342 1138 1425 temporis

85 1482 89 1490 .
114 1423 232 1504 futuri,
256 1423 340 1506 quod
364 1422 565 1487 solummodo
581 1423 696 1487 ceteris
712 1423 868 1488 abdicatis
883 1425 1027 1490 inueniri
1042 1447 1138 1510 posse

78 1534 103 1576 ra
117 1506 320 1584 aestimatur,
336 1511 374 1571 ut
388 1509 580 1590 carpocratitae,
595 1509 687 1591 quasi
701 1527 839 1590 arpaeas
853 1508 919 1593 logi
933 1530 1002 1573 non
1018 1511 1137 1596 possit,

117 1593 203 1676 quod
219 1597 294 1676 quia
308 1593 568 1675 frequentissime
582 1590 729 1675 legimus,
750 1593 904 1677 exemplis
918 1615 985 1658 non
1001 1595 1137 1679 indiget.

116 1679 163 1741 sic
178 1678 276 1742 etiam
290 1679 456 1760 crpituraa
472 1683 504 1741 ct
517 1678 650 1758 carpitus.
675 1676 788 1742 dicunt
802 1679 898 1742 etiam
913 1679 998 1762 quod
1015 1686 1140 1763 coeptas

117 1761 310 1827 defectiuum
333 1761 541 1846 participium
564 1761 622 1825 sit:
645 1761 859 1844 conpellimur
880 1767 912 1827 et
934 1784 995 1828 nos
1017 1765 1052 1828 in
1076 1765 1138 1829 hoc

116 1848 266 1912 assentiri
282 1849 343 1929 cis,
366 1846 440 1930 quia
453 1847 570 1928 incipio
585 1845 729 1912 neutrale
746 1847 878 1911 uerbum
893 1851 951 1912 est.
983 1849 1039 1912 sed
1054 1849 1139 1914 forte

77 1961 104 2001 so
118 1931 216 2014 dicas,
239 1932 315 2017 quia
329 1933 419 2013 copto
435 1931 577 1995 uotiuum
600 1934 663 2010 est,
687 1952 725 1994 ex
747 1951 810 2014 quo
831 1937 961 2014 coeptas.
1001 1954 1071 1998 non
1093 1935 1139 1998 ita

118 2020 183 2100 est,
212 2038 288 2082 narn
316 2037 355 2080 ex
384 2014 443 2079 hoo
469 2015 568 2079 uerbo
591 2016 765 2079 secundum
788 2017 950 2098 passiuam
972 2018 1138 2103 significa-

117 2103 238 2167 tionem
259 2122 326 2166 non
349 2105 471 2183 coeptas
493 2100 548 2163 sed
570 2105 679 2182 captus
701 2099 802 2165 uenit.

203 2186 327 2251 Mirans
354 2184 462 2267 itaque
488 2184 646 2267 quomodo
674 2184 795 2267 passiui
816 2185 908 2249 uerbi
930 2186 1138 2270 participium

118 2292 137 2335 a
164 2270 302 2336 neutrali
329 2270 429 2334 uerbo
458 2270 569 2332 uenire
620 2269 713 2350 ossit,
743 2290 839 2352 super
865 2270 927 2333 hoc
954 2272 1138 2336 Aeneam

79 2382 104 2423 rs
117 2356 336 2440 interrogasse
352 2353 498 2433 memini,
523 2362 555 2417 et
569 2290 680 2416 taiiter
694 2353 773 2416 mihi
788 2354 971 2437 respondit:
994 2355 1058 2420 hoc
1071 2377 1136 2421 nou

118 2461 187 2505 esse
202 2437 418 2524 participium,
433 2439 489 2502 sed
505 2458 624 2501 nomen
636 2437 828 2502 adiectiuum
839 2439 1012 2523 participio
1023 2440 1137 2505 simile.

117 2524 178 2590 hoc
192 2527 350 2589 Aeneae
372 2524 411 2586 de
433 2523 496 2586 isto
520 2522 691 2606 participio
714 2522 866 2588 iudicium
890 2527 947 2589 est.
986 2545 1061 2589 cum
1078 2525 1138 2589 ita·

118 2630 178 2694 que
200 2609 359 2673 audissem
382 2629 454 2670 eum
476 2606 614 2671 diffinite
636 2607 810 2690 dicentem,
835 2607 920 2691 quod
936 2630 955 2673 a
970 2608 1138 2675 defectiuis

117 2693 224 2758 uerbis
247 2692 406 2757 defectiua
428 2692 599 2775 participia
619 2712 743 2773 semper
766 2713 834 2755 esse
857 2693 1012 2773 debeant,
1040 2694 1138 2759 inter·

80 2778 232 2928 rud
255 2777 1140 2946 uu{turerradratduuardt

203 2948 208 2962 .
385 2953 395 2983 ,
506 2952 514 2978 ‚
681 2944 697 2992 9
1051 2949 1057 2962 .

117 2947 504 3112 titiminoiieoesiefleyileiis
521 2967 566 3094 ai
585 2945 1139 3113 tierriiiituoiiiiicaiilqulitessciitrciiretis·

189 3271 202 3319 1
222 3265 332 3319 emitari
349 3265 383 3320 N
396 3266 406 3334 1
425 3271 439 3318 τ
456 3244 658 3335 p0⁸suantibus
680 3265 724 3332 N,
748 3267 953 3336 pauitantibus
977 3283 1048 3323 corr.
1066 3267 1141 3330 Mar,

118 3332 311 3402 prostantibus
323 3333 425 3388 Hortel
437 3335 447 3403 11
462 3340 492 3388 10
511 3335 627 3387 brevem
644 3333 687 3400 N,
708 3335 780 3389 bene
792 3337 857 3388 Mai
868 3336 878 3402 11
892 3342 924 3389 14
942 3335 1071 3391 invenire
1083 3336 1118 3390 N
1125 3334 1139 3405 11

120 3407 152 3456 18
170 3399 324 3454 defectium
341 3400 439 3469 111123
461 3400 533 3454 mira
549 3401 621 3454 mira
674 3425 680 3460 ;
698 3401 741 3466 Ν,
765 3401 869 3455 mirans
891 3404 990 3470 itaquo
1008 3403 1143 3471 Moi1124

119 3466 298 3523 neutraleN
312 3469 321 3535 11
338 3474 372 3522 28
391 3469 427 3521 ad
449 3468 547 3536 Ν1130
566 3468 639 3523 done
699 3470 754 3536 1132
773 3467 866 3520 diceet
883 3468 922 3522 N.
