2422 3976
77 179 143 245 100
357 178 418 234 VH.
446 177 572 234 PASSIO
592 179 619 236 S.
639 175 809 233 Annum

76 341 215 407 Deferor
236 342 272 405 in
294 340 463 424 praedam,
484 341 663 406 larvalibus
687 341 808 406 obruor
829 338 969 405 umbris.

6 430 147 497 aeolum
171 430 244 494 loca
266 451 444 514 poenarum
465 429 572 494 tristis
595 432 682 514 peto,
704 432 831 494 maesta
852 429 979 513 pericla

77 518 284 584 Horrendum
306 522 474 602 resonant,
497 540 607 583 amens
631 519 675 583 fio
699 519 818 582 mentis
841 521 875 582 et
896 515 1022 603 impos,

76 608 203 692 Utpote
225 629 321 690 quem
344 606 443 672 limus
466 606 561 691 niger
584 610 618 672 et
640 606 794 671 deformis
817 605 968 673 harundo

78 694 194 780 Cocyti
216 695 312 780 palus
336 698 369 759 et
392 693 473 780 Styx
497 699 595 779 atque
617 695 804 760 inamabilis
827 695 914 759 unda

78 785 127 849 Ae
150 784 247 848 simul
271 805 366 848 omne
389 804 492 868 genus
515 784 616 848 Erebi
639 783 792 848 damnare
814 783 987 867 parabant
1047 857 1052 865 ¹

7 888 59 938 305
79 871 167 948 Quae
190 876 356 937 tormenta
378 873 491 937 videns
515 873 684 936 oculorum
707 871 842 936 flumina
864 871 977 937 fmrdo.

78 961 171 1034 Talia
194 961 271 1024 dum
292 961 433 1025 facerem
455 960 602 1045 pavidus,
624 960 714 1024 venit
728 960 827 1026 euius
850 960 892 1024 ad
914 980 969 1024 me

78 1049 224 1134 Angelus
249 1070 266 1112 e
289 1049 389 1131 eaelo,
413 1048 562 1112 manibus
587 1049 643 1133 qui
665 1048 769 1113 traxit
789 1048 832 1112 ab
855 1048 924 1112 illis

78 1136 132 1200 Me
155 1137 297 1202 referens
322 1140 355 1201 et
377 1137 554 1200 restituens
577 1136 630 1201 his
654 1137 779 1202 eoneite
801 1136 969 1201 membris.

77 1223 178 1288 Istius
201 1223 331 1288 Arnulfi
354 1245 448 1306 prece
472 1228 600 1308 gestum
622 1247 739 1310 nempe
761 1224 862 1290 fuisse

6 1329 59 1378 400
79 1311 261 1378 Contestor.
304 1310 397 1388 Quod
420 1313 522 1395 erede,
544 1316 647 1398 pater,
670 1314 760 1378 velut
783 1313 889 1378 indico
913 1314 1097 1398 praesens?

189 1468 245 1524 Ubi
263 1473 375 1525 sanetus
393 1469 539 1541 Remigius
558 1469 672 1524 beatum
691 1469 839 1525 Amulium
857 1468 981 1529 adfatur.
1084 1495 1087 1503 ·

79 1577 176 1643 Teste
198 1579 280 1662 viro,
303 1579 359 1663 qui
381 1577 448 1643 iam
470 1578 578 1644 fuerat
601 1579 648 1644 sie
671 1601 727 1644 ore
749 1580 887 1664 loeutus,

77 1665 222 1751 Percipit
246 1666 401 1732 adflatum
426 1666 535 1732 divino
559 1689 691 1732 munere
715 1672 864 1733 sanetum
1116 1680 1163 1731 tn*

79 1755 267 1840 Arnulfum,
291 1777 387 1839 quem
412 1755 571 1820 duleifluis
596 1756 727 1821 adfatur
750 1757 927 1822 adhortans

79 1843 230 1927 Eloquiis
253 1844 396 1927 praesul:
420 1843 496 1909 ‘Fili
519 1845 713 1928 dulcissime,
736 1847 878 1931 primum

9 1946 61 1996 405
80 1931 190 1996 Mente
213 1932 330 1996 humili
353 1947 482 2015 ¹semper
504 1936 536 1997 te
560 1933 725 1999 custodire
747 1937 920 2018 memento,

81 2019 127 2084 Ut
150 2042 304 2085 concessa
327 2021 389 2085 tibi
412 2026 543 2087 maneat
565 2044 624 2087 nee
648 2023 775 2086 deserat
797 2044 940 2107 unquam

82 2108 198 2173 Gratia
220 2113 253 2173 te
277 2108 416 2192 Christi,
440 2110 495 2193 qui
519 2111 668 2175 sublevat
690 2110 859 2175 inferiores

80 2196 178 2260 Ponit
202 2202 235 2261 et
258 2203 392 2262 erectos.
433 2197 553 2262 Tecum
576 2199 676 2262 timor
700 2199 948 2284 omnipotentis3

81 2285 169 2350 Nam
192 2285 315 2349 domini
338 2286 439 2350 timor
462 2288 512 2349 est
534 2286 628 2350 radix
651 2292 684 2351 et
708 2289 801 2372 origo
826 2286 969 2372 sophiae.

11 2387 63 2436 410
83 2372 171 2448 Quae
194 2374 258 2438 tibi
281 2378 356 2438 sunt
380 2394 532 2438 consessa
554 2396 653 2439 manu
677 2375 873 2441 dominantis
895 2375 1029 2462 ubique,

80 2460 186 2527 Nocte
210 2462 325 2546 dieque
348 2461 421 2526 vide
445 2462 569 2546 sollers,
591 2485 633 2527 ne
656 2463 741 2528 forte
763 2465 914 2529 recedant

81 2550 190 2635 Teque
214 2551 329 2615 dehine
353 2550 464 2614 doleas
487 2550 680 2616 frustratum
704 2552 837 2618 faenore
859 2556 967 2637 tant0;

82 2638 168 2714 Quin
190 2640 300 2723 potius
323 2642 430 2702 tecum
454 2640 580 2705 custodi
604 2641 731 2706 cautius
754 2642 835 2726 ipsa.

83 2726 175 2805 Quod
196 2727 319 2792 faciens
342 2728 481 2791 multum
504 2728 659 2794 ditaberis
684 2733 718 2793 et
740 2730 871 2814 potiora

10 2830 62 2879 415
82 2815 257 2900 Repperies
281 2814 425 2900 gaudens
449 2816 579 2900 altaque
601 2817 636 2882 in
660 2818 734 2882 sede
757 2819 892 2884 locatus.

82 2905 295 2987 Omnipotens
319 2924 513 2987 quemquam
536 2926 644 2970 rerum
667 2908 740 2972 vult
762 2928 832 2972 esse
855 2909 1038 2994 potentem,

84 2992 146 3070 Qui
170 2992 233 3057 sibi
257 2991 420 3056 sufficiens
443 2995 494 3056 est
516 2995 720 3078 paupertatis
744 2999 879 3060 amator.

153 3188 206 3238 390
222 3182 379 3250 ‘penarum’
403 3184 516 3239 ‘mesta'
572 3191 624 3241 393
644 3185 757 3242 ‘cociti’
780 3185 858 3243 ‘stix’
915 3192 968 3242 394
987 3186 1101 3244 ‘herebi

83 3253 247 3323 dampnare'
300 3258 351 3308 397
367 3255 451 3309 ‘celo’
470 3255 544 3310 inter
560 3258 662 3313 ‘eaelo’
679 3259 709 3312 et
723 3259 793 3326 ‘qui’
809 3275 907 3313 rasura
925 3261 1018 3313 exstat
1034 3259 1096 3316 ‘ab'

82 3325 207 3379 deletum
229 3339 284 3379 sec.
303 3343 340 3380 m.
360 3343 494 3396 superser.
511 3327 661 3382 ‘manibus'
718 3334 771 3383 400
792 3329 897 3384 ‘eredo’
920 3347 935 3384 e
958 3346 1097 3399 superser.

82 3425 116 3435 -
138 3395 262 3450 ‘affatur'
283 3427 316 3436 -
341 3402 393 3452 402
419 3398 570 3452 ‘afflatum'
635 3403 688 3452 403
708 3399 831 3454 ‘affatur’
897 3406 949 3454 409
970 3401 1096 3470 ‘sophie’

81 3471 135 3519 410
156 3465 238 3530 ‘Qus’
307 3473 360 3522 412
382 3468 516 3524 ‘foenore’
585 3475 639 3524 414
658 3470 783 3525 ‘fatiens’
805 3489 820 3526 e
842 3487 976 3541 superser.
1042 3478 1097 3529 416

84 3536 216 3592 ‘locatus'
237 3555 347 3594 seem.
367 3556 503 3609 superser.
524 3540 683 3596 ‘locandus’
740 3546 793 3597 416
813 3542 996 3612 ‘quenquam’
