2354 3946
137 148 182 213 42
453 149 500 206 Ν.
520 147 607 202 VITA
626 147 653 204 S.
672 145 840 203 AGNETIS.

137 310 248 376 Instar
270 311 363 395 virgo
386 311 476 396 prius
500 313 652 375 constans
675 311 711 376 in
734 331 838 396 agone
860 310 1030 378 manebat.

138 399 202 464 llla
225 404 348 482 manet,
371 401 491 465 collata
515 399 632 481 fluunt,
655 402 693 463 ut
716 402 832 464 ventus
853 398 975 482 inanis3

138 488 224 554 Hinc
246 488 300 554 via
322 488 470 553 differtur
492 487 647 551 thalamis
671 491 704 552 et
726 491 806 552 nota
829 487 993 571 voluptas.

137 576 299 642 Deficeret
321 599 414 642 casso
437 577 542 659 patris
566 576 643 639 dum
666 597 773 640 sermo
797 575 920 654 labore,

70 682 120 732 115
138 665 263 731 Rursus
288 666 400 730 adesse
424 665 488 730 sibi
511 663 645 729 mandat
667 663 804 748 sistique
826 663 983 730 futuram.

139 755 261 820 Assisti
284 758 321 817 ut
344 754 454 838 iussit,
479 756 622 818 stantem
646 752 693 817 sic
715 751 804 817 fatur
828 753 869 817 ad
891 752 1013 836 ipsam:

139 842 245 907 ‘Vana
268 842 457 928 superstitio
476 841 575 906 fucrit
597 841 632 905 ni
655 840 787 925 dempta
809 841 938 924 profani

139 931 376 1015 Abfuerintque
400 930 476 1014 tibi,
499 929 596 994 iussis
619 951 733 1013 parere
755 929 915 1014 nequibis.

138 1019 232 1084 Unde
255 1019 362 1102 placet
386 1020 414 1084 si
436 1018 522 1082 forte
546 1017 608 1082 tibi
632 1039 760 1083 servare
783 1017 954 1101 pudorem,

70 1123 120 1173 110
140 1107 191 1172 Ad
214 1106 350 1170 Vestam
373 1106 578 1191 properando
602 1105 695 1170 deam
719 1109 752 1170 te
776 1107 927 1171 convenit
949 1107 997 1172 iro

139 1194 362 1277 insistensque
385 1194 462 1259 litas
485 1194 535 1258 illi
558 1194 730 1278 cultusque
752 1194 920 1278 rependas,

139 1281 225 1346 Dum
244 1283 310 1346 ruit
328 1282 363 1346 in
381 1282 550 1346 Thetidem
568 1281 730 1367 Phoebus,
750 1282 826 1347 dum
846 1283 946 1348 currit
965 1283 999 1347 in
1020 1285 1153 1352 orbem?

139 1370 290 1456 Dixerat,
313 1370 389 1436 inde
412 1371 511 1435 refert
535 1373 648 1436 contra
671 1372 718 1437 sic
741 1371 834 1457 virgo
857 1370 977 1436 fidelis:

140 1460 222 1525 ‘lam
247 1458 383 1543 Christi,
406 1460 578 1544 praefecte,
602 1463 692 1524 tuam
717 1460 746 1524 si
768 1463 902 1543 propter
926 1482 1075 1527 amorem

57 1564 121 1614 1125
141 1547 332 1632 Contempsi
356 1550 503 1614 subolem
527 1570 641 1613 sensus
664 1548 854 1613 habitudine
876 1549 997 1613 fretam

140 1637 295 1702 Sensibus
320 1639 483 1704 excultum
506 1636 614 1722 patior
637 1659 695 1702 uec
719 1637 860 1720 quinque
883 1638 980 1718 tueri,

139 1726 212 1803 Qua
233 1750 319 1792 nunc
341 1726 449 1792 fronte
474 1749 591 1810 queam
614 1725 714 1790 mutis
738 1726 859 1790 servire
883 1725 1036 1812 metallis,

138 1815 208 1880 Aut
231 1816 406 1880 simulacra
429 1816 534 1881 colam
558 1837 698 1899 quanam
721 1814 849 1878 ratione
871 1814 1024 1899 profana,

140 1902 286 1987 Quinque
311 1909 422 1970 carent
446 1904 561 1969 orbata
585 1903 682 1968 simul
706 1923 788 1987 quae
812 1901 960 1967 sensibus
984 1903 1102 1986 ipsis?
1176 1942 1177 1955 ¹

70 2008 121 2058 130
139 1990 238 2057 Virus
262 1998 298 2056 ut
319 1993 471 2058 infundat
492 2013 634 2076 praeses,
657 1991 826 2057 mulcendo
850 1991 1032 2076 respondit:

140 2078 346 2144 ‘Consultum
369 2085 501 2145 tenerae
525 2080 619 2163 cupio
642 2080 798 2163 praebere
821 2079 980 2163 iuventae,

138 2168 237 2251 Infra,
260 2170 363 2252 virgo,
385 2173 460 2233 tuos
485 2189 598 2232 sensus
622 2167 706 2252 quod
730 2167 873 2233 cernitur
896 2191 1010 2234 annos.

139 2254 306 2319 Hactenus
330 2255 453 2320 indulsi
475 2256 603 2338 patiens
626 2255 762 2340 indigna
784 2256 903 2321 ferenti

139 2342 188 2407 Ac
211 2343 402 2428 blasphema
426 2343 502 2427 diis3
529 2343 595 2406 iam
617 2364 703 2408 nunc
727 2344 849 2428 depone
872 2345 1030 2430 rigorem,

70 2446 121 2497 130
140 2430 292 2495 Offendas
316 2453 357 2496 ne
379 2431 465 2496 forte
489 2432 566 2496 deos
590 2434 760 2516 motusque
784 2431 938 2498 deorum?

139 2517 215 2583 Non
239 2521 355 2605 ignara
377 2520 481 2604 loqui,
505 2541 611 2584 mores
636 2524 770 2604 experta
792 2521 926 2604 pudoris

138 2607 303 2673 Praesidis
327 2630 502 2694 aggressus
526 2609 638 2694 Agnes
662 2609 708 2674 sic
732 2630 807 2673 0100
830 2608 986 2674 retundit:

140 2695 239 2779 ‘Dux,
258 2698 305 2760 ita
322 2697 410 2762 haud
428 2701 575 2762 teneram
595 2719 728 2783 spernas
747 2699 907 2762 cernendo
926 2698 1095 2766 iuventam
1115 2739 1153 2750 -

139 2784 323 2868 Propitium
346 2807 398 2850 me
422 2787 503 2851 velle
526 2790 621 2870 putes
644 2789 677 2849 te
701 2785 863 2850 adhabere
887 2786 1026 2851 ferocem
1052 2825 1096 2837 -

69 2891 120 2941 140
138 2872 216 2938 Non
238 2873 331 2938 annis
355 2873 506 2939 meritum
529 2874 616 2957 fidei,
641 2873 697 2938 sed
720 2874 868 2939 sensibus
891 2874 1004 2939 haeret

138 2961 394 3048 Longaevosque
418 2962 523 3047 magis
547 2965 673 3027 mentes
698 2984 794 3045 quam
818 2964 963 3047 corporis
987 2967 1080 3030 artus

139 3051 314 3135 Approbat
338 3051 554 3135 omnipotens.
596 3049 705 3114 Motus
730 3051 855 3116 saevire
878 3055 1009 3116 tuorum

212 3301 262 3350 112
282 3294 416 3349 ‘conlata’
475 3299 526 3348 116
547 3293 689 3347 ‘Adsistit'
709 3292 830 3348 fortasse
848 3295 891 3349 Ac
909 3296 972 3350 sisti
989 3297 1035 3350 vel
1054 3298 1155 3353 Astitu

141 3371 192 3422 118
204 3365 437 3434 ‘Abluerantqoe’
450 3380 468 3417 a
481 3363 510 3418 in
525 3364 534 3416 i
549 3363 727 3417 emendatum
775 3371 825 3418 119
839 3366 957 3432 ‘sortiti’
1005 3372 1050 3420 121
1068 3369 1152 3422 ‘lites’

139 3443 191 3494 122
212 3437 343 3506 ‘phebus'
410 3441 462 3490 124
482 3435 618 3505 ‘perfecte’
686 3440 736 3488 130
758 3436 873 3504 ‘preses'
939 3441 989 3490 131
1010 3436 1151 3507 ‘prebere’

142 3515 191 3565 137
212 3507 345 3564 ‘Presidio
364 3507 522 3578 adgressus'
580 3510 630 3559 141
655 3503 881 3575 ‘Longeuesque'
