2354 3946
396 168 431 227 n.
459 168 508 222 DE
525 168 753 229 PRONOMINE.
1023 173 1083 239 127

58 324 92 386 et
112 320 212 406 plane
233 320 430 385 declinatas:
462 320 546 386 siout
571 322 606 386 in
636 321 891 398 Quintiliano
920 324 1000 408 legi,
1030 326 1084 408 qui

58 411 129 471 onst
149 406 374 504 computamus
396 405 520 470 dierum
542 410 575 470 et
596 427 765 470 mensuum
787 411 820 470 et
841 407 935 472 lunae
959 413 991 472 et
1008 410 1084 474 solis

57 494 196 557 mmm
224 490 335 573 mquit
362 491 518 555 marsiam
545 491 659 572 quibas
688 493 722 556 in
749 511 812 556 sese
833 494 995 573 reciproco
1016 514 1084 558 sae-

58 576 195 641 eesas’one
215 575 395 640 resoluitur
416 594 536 658 anans,
565 578 747 658 supputatio
764 577 967 661 perdifficilis
991 583 1085 642 estet

58 660 218 726 intellectae
244 678 336 742 operto
363 659 513 742 stipati.
551 664 584 723 et
611 659 713 724 infra:
743 660 879 725 solorum
907 662 1012 744 inquit
1034 663 1082 726 in·
1108 685 1121 725 s

59 745 258 811 marm
279 744 426 808 uirorum
448 743 528 810 betto
549 745 621 825 quis
641 743 810 809 narrabit?

146 827 233 892 Sunt
255 828 354 891 etiam
376 827 431 911 qui
448 829 559 911 plnres
580 829 752 893 aestimant
773 829 808 892 in
836 829 1083 911 pronominibus

59 912 301 996 accipiendum,
332 933 467 995 quorum
495 913 643 996 opinioni
671 935 732 977 nee
754 912 892 976 multum
915 914 1083 977 defidimus

59 1018 120 1062 neo
149 996 288 1061 nimium
317 995 474 1061 fouemus.
518 997 573 1061 sed
600 1018 681 1080 quae
710 997 832 1061 incedit
862 998 1082 1081 quaestionem

60 1084 159 1166 prout
184 1082 387 1179 potuerimus
419 1080 578 1166 explicare
606 1083 846 1165 temptabimus.
890 1083 987 1147 multi
1007 1083 1082 1166 pla·
1096 1106 1121 1145 ιο

61 1168 151 1232 ntus
171 1165 372 1250 smgularem
394 1186 563 1230 numerum
585 1170 709 1250 negant
730 1167 871 1231 inueniri
890 1188 999 1250 posse,
1027 1169 1083 1232 sed

62 1251 106 1316 sio
127 1248 304 1315 deelimri:
324 1250 432 1332 plnres
448 1251 580 1332 piorum
589 1252 749 1333 pluribus.
779 1252 1006 1335 requirendum
1022 1253 1083 1317 sio-

64 1356 120 1419 qne
142 1338 211 1415 est,
234 1340 262 1399 si
284 1334 363 1399 haee
384 1334 578 1418 pronomina
599 1339 690 1419 sunt,
714 1357 811 1419 quare
833 1337 1083 1420 comparationis

63 1420 178 1504 modus
200 1440 222 1483 o
243 1419 355 1483 multis
370 1420 509 1502 recipere
525 1418 691 1503 dicuntur,
714 1440 787 1484 eum
803 1442 980 1504 pronomen
996 1443 1083 1487 oom-

63 1504 261 1589 psrotionem
283 1503 402 1568 habere
424 1524 491 1567 non
514 1506 638 1588 potest,
668 1506 805 1568 maxime
834 1526 905 1569 cum
923 1507 1083 1588 pluriores
1096 1527 1121 1568 rs

64 1589 287 1739 quqqribustdam
303 1588 498 1736 sqribantuqf,
520 1588 605 1736 quod
625 1591 845 1737 ooqnplqsratiuo
860 1592 961 1686 gradu
977 1591 1083 1687 dieen-

167 1694 227 1737 es.
270 1693 356 1736 une
389 1694 464 1737 man
493 1693 596 1736 esum
629 1695 662 1737 es
734 1695 789 1739 seo
820 1695 952 1738 nomme
980 1695 1032 1736 ma
1068 1696 1083 1737 s

65 1756 223 1823 odientium
244 1778 315 1821 esse
337 1778 433 1841 quom
455 1757 657 1840 pronomina,
679 1758 869 1841 praesertim
891 1778 962 1820 oum
987 1691 1083 1820 etiiin

10 1886 12 1893 ·
65 1842 297 1928 superlatiuum
319 1841 455 1926 gradum
477 1842 596 1906 habers
619 1841 769 1906 dieantur
791 1845 827 1905 ut
842 1842 988 1925 plurimi.
1027 1840 1083 1904 sed

63 1947 212 1993 numerus
246 1926 420 2011 singularis
452 1926 488 1990 in
515 1926 578 1990 hiis
606 1927 789 1990 nominibus
817 1947 883 1989 non
910 1925 1006 1990 faeile
1034 1926 1081 1989 in·
1095 1949 1120 1989 20

63 2013 204 2094 unitur,
237 2011 303 2075 nisi
332 2011 368 2074 in
396 2010 534 2074 neutrali
562 2031 696 2093 genere,
729 2011 853 2075 dicatur
888 2010 973 2073 enim
997 2011 1081 2092 ptus.

10 2148 12 2155 .
63 2100 185 2180 praeter
212 2094 300 2194 quod
329 2095 530 2159 nominatiuo
559 2116 649 2159 cassu
678 2096 799 2160 dietum
828 2094 1001 2179 singularis
1023 2117 1082 2159 nu·

63 2182 136 2248 meri
156 2180 260 2245 flexio
284 2179 402 2244 deficit.
439 2178 568 2263 quidam
591 2180 703 2244 dieunt
718 2181 795 2264 pins
817 2180 856 2244 ad
879 2179 942 2243 tria
963 2201 1081 2265 genera

62 2266 239 2350 pertinere,
262 2264 349 2348 quod
372 2284 440 2328 non
460 2263 541 2328 mihi
563 2264 693 2328 uidetur
716 2286 784 2329 esse
808 2265 974 2329 usitatum.

138 2350 193 2415 De
215 2349 409 2434 pronomine
430 2349 558 2432 quidem
573 2350 650 2412 satis
665 2349 765 2414 fuisso
780 2350 993 2427 aestimarem,
1017 2349 1079 2413 nisi
1095 2369 1120 2410 rs

63 2437 131 2587 qutioq
157 2434 272 2586 {112qu
295 2433 680 2583 ²qut(nobisuqrqaeqstiorqas
697 2434 819 2582 luqlunt
840 2436 984 2530 iactoreq
1006 2434 1082 2582 qkqiq

61 2539 317 2687 mera
332 2538 404 2686 a
418 2539 554 2700 au
569 2540 615 2668 s
629 2539 809 2667 rim
827 2539 1080 2686 taratara.

62 2688 172 2756 famosi
206 2687 393 2752 intellectus
424 2708 491 2751 s1ue
518 2708 553 2750 m
581 2688 699 2752 bonam
727 2689 795 2752 siue
824 2689 859 2752 in
889 2689 1081 2752 contrariam

61 2776 217 2861 recipitur
244 2775 388 2858 partem,
416 2771 512 2837 sicuti
538 2773 693 2836 Aeneas
720 2773 886 2838 rethorum
915 2776 947 2837 et
974 2794 1081 2857 gram·
1094 2790 1120 2829 so

61 2864 253 2927 mstieorum
281 2861 512 2941 poetarumque
538 2857 752 2939 peritissimus
781 2858 907 2936 doctor,
938 2859 1081 2920 Aeneam

120 3054 145 3100 1.
166 3043 257 3099 Olera.
275 3058 332 3097 eae.
350 3042 415 3097 29¹³2
438 3041 471 3094 In
489 3040 662 3107 Quintiliano
682 3058 813 3096 sonorum
831 3042 892 3109 (sie)
911 3040 941 3092 et
956 3039 1081 3092 totorum

63 3113 249 3169 nveniantur.
279 3109 322 3164 ait
339 3110 416 3163 enim
433 3109 474 3162 its
492 3109 615 3163 solorum
631 3108 832 3163 industriorum
852 3108 914 3175 quis
932 3124 959 3159 n.
972 3105 999 3164 b,
1012 3105 1081 3160 item

63 3184 154 3247 norat
171 3178 270 3248 inquit
286 3176 449 3247 soporinus
467 3176 578 3230 dierum
596 3177 626 3230 et
643 3179 768 3230 totorum
785 3177 932 3228 mensium.

121 3339 133 3387 1
148 3330 339 3398 quintiniano
351 3328 434 3451 Nq't
447 3344 533 3398 agens
547 3328 582 3381 N
588 3329 637 3396 (aa
646 3344 680 3382 en
690 3327 894 3394 aegens?)eorr.
907 3322 972 3377 Mat
984 3323 994 3390 ΙΙ
1007 3328 1023 3376 8
1037 3337 1081 3376 ao·

63 3398 189 3468 similos
200 3398 237 3455 N
246 3400 257 3468 Ι
269 3404 286 3453 9
298 3413 373 3465 quae
453 3403 482 3450 12
492 3395 511 3449 f.
524 3397 603 3464 sique
615 3396 653 3460 N,
672 3393 811 3462 siquidem
823 3391 887 3446 Mai
900 3392 909 3460 11
924 3397 954 3444 16
967 3405 1081 3467 eumps-

63 3468 143 3525 rstivo
162 3467 199 3524 N
206 3469 219 3538 t
234 3470 266 3522 18
284 3466 399 3522 sdieota
459 3465 469 3532 ll
477 3470 541 3532 pon
557 3463 731 3532 pronomina,
750 3462 786 3529 ’,εἷς
804 3459 839 3515 N
847 3461 856 3528 ΙΙ
869 3465 901 3514 23
920 3457 1026 3513 defeort
1042 3459 1082 3514 N.
