2354 3946
122 179 163 244 72
352 174 507 231 VIRGILII
525 175 690 230 MARONIS
707 173 906 231 ΕΡΙΤΟΜΑΕ.

120 329 208 394 ribus
231 352 250 394 a
272 351 328 394 suo
351 332 436 393 statu
458 329 582 393 moueri
597 349 663 392 non
677 331 821 413 possunt.
859 330 909 393 est
924 329 1136 413 participium,

120 413 205 497 quod
228 413 324 480 Cato
347 415 381 478 in
403 414 538 478 uerbum
560 412 737 478 transferre
759 413 883 476 solebat
905 413 997 477 uerbi
1020 415 1137 479 scilieet

119 499 241 582 passini
265 499 418 582 temporis
440 498 605 583 praeteriti
627 502 665 562 ut
679 497 758 561 illud
775 498 922 562 omuibus
933 499 1039 579 fratre
1048 504 1138 581 patre

120 589 223 649 nistre
250 585 379 666 coniupe
406 583 537 665 reliquis
562 584 749 648 necessariis
769 602 893 666 proque
921 603 1017 648 carus
1036 585 1136 665 falcra

94 669 236 748 sfactum
266 670 351 751 quod
378 671 489 732 tamen
518 689 585 732 non
613 668 758 731 licuisset
785 667 815 730 ei
842 667 966 746 facere,
996 669 1060 731 nisi
1082 669 1135 732 hoc

119 753 326 836 participium
342 753 443 817 totius
458 752 639 816 testimonii
654 752 846 816 sententiam
864 751 1038 816 clauderet.
1048 751 1135 816 'non-

118 837 201 900 nulli
223 837 285 902 hoc
306 839 495 922 ignorantes
517 842 561 902 est
582 839 712 911 sumunt
726 836 872 919 aliunde,
895 836 981 919 quod
997 837 1081 902 sicut
1095 838 1135 901 eis

119 922 250 986 omnino
279 922 384 986 facere
407 921 589 1001 nonlicet,
618 921 665 985 ita
688 921 759 984 aliis
783 920 911 1004 quidem
933 923 1135 1006 participium

118 1007 293 1069 transferre
320 1007 356 1069 in
382 1006 516 1069 uerbum
550 1007 670 1089 absque
704 1026 742 1069 eo
775 1026 839 1088 quo
873 1005 1013 1070 diximus
1046 1007 1136 1071 moda

80 1104 105 1144 1⁰
118 1110 304 1172 peruersum
326 1093 358 1153 et
379 1090 602 1155 indecorosum
625 1094 683 1155 est.

420 1291 499 1376 (10.)
522 1290 572 1355 De
595 1292 835 1356 coniunctione.

203 1424 298 1491 Nunc
321 1427 361 1490 de
377 1427 603 1491 coniunctione
619 1426 784 1510 aliquanta
798 1426 952 1491 dicamus.
988 1427 1138 1492 uidentur

116 1508 196 1574 mihi
219 1511 463 1577 coniunctiones
486 1532 598 1575 omnes
627 1512 792 1575 cuiusdam
813 1514 947 1575 catenae
968 1512 1023 1575 uel
1043 1514 1138 1577 nexui

116 1595 219 1658 uicem
236 1599 380 1680 exsequi,
397 1597 483 1680 quod
499 1596 804 1659 omnes-sententias
820 1599 1006 1661 annectant.
1029 1601 1138 1662 tamen

116 1681 293 1745 nonnullas
321 1703 360 1746 ex
388 1684 434 1745 eis
462 1701 609 1765 separare
638 1680 788 1745 dicuntur
816 1684 852 1744 ut
880 1685 986 1745 autem
1009 1686 1043 1745 et
1064 1703 1140 1748 uero

78 1786 103 1827 a
116 1765 164 1830 ita
193 1767 377 1849 dumtaxat,
406 1767 434 1830 si
460 1767 495 1830 in
517 1764 676 1849 principio
699 1764 849 1829 dictionis
871 1765 978 1848 posita
999 1767 1136 1851 fuerint;

116 1849 151 1912 in
174 1852 287 1916 mediis
310 1855 416 1916 autem
439 1851 630 1915 dictionibus
650 1870 709 1933 pro
725 1849 918 1934 copulatiuis
932 1849 1138 1915 habebuntur

114 1934 199 1998 sicut
226 1936 383 2000 Aeneas
418 1936 588 2020 conposuit
620 1955 691 1999 cum
717 1937 825 2016 itaque
851 1936 888 1999 in
916 1935 1038 2000 theatro
1067 1957 1138 2000 con-

113 2021 274 2084 uenissent
292 2022 445 2101 multique
464 2021 728 2102 conflictarentur,
744 2020 892 2084 nonnulli
907 2024 1014 2084 autern
1028 2023 1140 2086 sedare

111 2105 264 2184 populum
285 2106 474 2180 niterentur,
500 2105 559 2168 alii
578 2124 652 2167 nero
674 2107 711 2167 in
733 2105 1053 2186 certamenpopntum
1067 2126 1138 2170 con

74 2186 261 2263 incitarent,
285 2191 351 2250 tum
373 2188 419 2251 sol
440 2188 570 2269 indique
589 2186 694 2267 ferens
714 2192 838 2253 tantum
853 2211 874 2253 a
889 2189 1013 2253 mnibus
1027 2191 1138 2256 baberi

113 2269 306 2334 discordiam
332 2272 433 2335 subito
461 2272 594 2336 tenebris
621 2271 723 2336 medio
752 2273 873 2353 offusus
900 2273 950 2337 die
983 2276 1021 2338 in
1049 2295 1138 2341 marc

112 2353 199 2417 uelut
231 2356 479 2419 munitissimam
507 2355 613 2420 urbem
641 2356 766 2438 resupit.
811 2357 864 2421 hic
892 2358 978 2420 enim
1006 2362 1137 2441 praeter

112 2438 221 2519 itaque
247 2443 353 2503 cetera
381 2442 451 2502 trea
478 2438 555 2503 fona
576 2439 609 2502 id
632 2444 680 2504 est
702 2461 761 2522 qne
783 2446 888 2506 antam
908 2462 984 2506 uero
1008 2444 1137 2527 copula·

112 2521 181 2584 tiua
204 2522 298 2586 simul
321 2524 459 2587 suntad
482 2525 662 2608 praeterita.
698 2525 858 2608 expletiua
873 2529 980 2589 autem
1000 2529 1080 2592 duas
1095 2529 1136 2592 ob

74 2621 99 2662 2⁵
113 2626 225 2669 causas
248 2607 294 2671 sic
317 2611 492 2686 uocantur,
515 2608 756 2693 primumquod
772 2630 900 2674 sensum
916 2610 1068 2677 dictionis
1084 2634 1136 2677 ex·

111 2690 223 2774 pleant
246 2691 297 2755 uel
321 2692 405 2775 quod
427 2694 462 2756 in
485 2694 596 2758 metris
619 2693 723 2757 locum
746 2716 839 2758 suum
859 2695 1031 2760 obtineant
1046 2698 1138 2761 iuxta

110 2775 189 2839 illud
205 2774 373 2841 Catonis
396 2778 491 2844 uirile
512 2799 632 2860 quoque
646 2782 761 2843 certam¹
775 2782 908 2862 conpetit
921 2801 1048 2864 apmen.
1081 2782 1136 2846 hic

181 3003 192 3050 1
217 2997 353 3066 possunt·
368 2994 431 3048 finit
453 2997 487 3050 N
507 3001 596 3051 cetera
618 2997 718 3052 arsum
733 2998 744 3066 ll
761 2998 806 3053 ef.
828 3017 886 3053 nun
909 2999 995 3052 nullis
1015 3000 1055 3053 P¹
1073 3002 1084 3069 ΙΙ
1103 3007 1133 3054 11

110 3097 345 3151 nunc-dicamus
368 3111 418 3151 om.
436 3096 471 3151 N
484 3098 494 3165 11
513 3101 544 3149 12
567 3076 683 3150 nexuii0
699 3098 733 3153 N
747 3100 757 3168 ΙΙ
772 3105 802 3154 13
821 3081 954 3155 adectant
970 3101 1005 3155 N
1019 3101 1029 3170 ΙΙ
1044 3107 1076 3156 15
1094 3103 1136 3156 ita

111 3164 259 3218 dumtaxat
276 3181 328 3221 om.
346 3165 380 3220 N
389 3167 399 3233 ΙΙ
414 3170 443 3218 16
461 3164 600 3240 habentur
617 3165 652 3219 N
660 3166 670 3235 ΙΙ
687 3173 715 3221 17
734 3169 827 3222 teatro
845 3170 873 3223 P
884 3171 894 3238 ΙΙ
909 3174 1009 3223 17—24
1026 3171 1133 3224 sieut—

108 3265 265 3332 praeterita
282 3281 333 3321 om.
345 3268 380 3321 N
389 3267 398 3335 ΙΙ
413 3271 444 3320 18
463 3244 699 3329 conflictarentur
710 3269 738 3322 P
750 3270 760 3337 ΙΙ
772 3267 888 3322 nonnuli
900 3269 928 3320 P
941 3270 951 3335 ΙΙ
964 3275 997 3323 ‘20
1009 3270 1134 3340 tantum]

108 3333 172 3396 fort.
185 3333 295 3387 tantam
308 3335 317 3402 {l
331 3341 363 3388 23
381 3350 453 3400 quae
469 3335 497 3390 P
509 3334 519 3403 ΙΙ
532 3339 565 3387 24
581 3332 617 3386 ad
633 3337 798 3404 praeterita]
816 3334 937 3402 petestia
954 3338 983 3388 P
995 3337 1005 3404 ΙΙ
1019 3338 1133 3407 explec-

108 3398 169 3452 tiva
180 3400 217 3464 P,
237 3401 396 3535 eprlletivae
408 3402 442 3455 N
451 3403 461 3470 u
474 3407 506 3456 25
518 3402 636 3456 vocatur
648 3403 676 3456 P
688 3405 698 3472 ΙΙ
711 3402 824 3469 expleat
835 3399 869 3464 P,
887 3401 1023 3467 expleant
1036 3405 1133 3475 (exple

109 3465 141 3518 in
157 3471 224 3532 ras.)
292 3469 342 3534 126
360 3469 515 3524 obtencant
531 3469 592 3524 PN
596 3472 614 3527 ¹.
