2354 3946
352 205 424 263 vm.
453 205 608 263 CARMEN
625 205 674 262 Da
694 207 721 266 S.
735 207 852 264 LUOIA.
1042 207 1107 272 133

53 389 74 438 ιο
94 370 229 436 Talibus
254 372 444 435 alterutrum
468 369 599 435 cellatis
622 369 681 435 lite
704 370 852 435 modesta

92 460 248 525 Protinus
272 459 407 524 effusum
432 459 552 524 nimiae
576 459 708 543 pietatis
731 459 851 543 ubique

93 548 211 614 Fervet
234 570 315 633 epus
339 548 535 634 miseretque
558 547 648 613 sinus
670 548 737 613 iam
759 548 870 614 nescia
892 552 1035 636 egestas:

95 637 287 723 Congaudet
309 636 496 703 miseranda
519 658 635 701 manus
659 636 808 721 quaesita
830 637 959 722 tulisse,

94 726 196 792 Pulsa
219 726 321 791 fames
345 726 454 811 liquit,
476 725 598 790 dudum
622 747 704 811 quos
727 726 800 811 ipsa
822 726 1013 811 premebat3'

52 833 76 882 rs
95 815 242 900 Frigoris
267 815 427 899 asperitas
450 814 517 879 iam
541 814 626 879 cedit
648 815 735 879 vieta
758 814 872 899 celcri3

94 903 236 970 Parvula
259 904 352 986 plebs
376 903 508 970 sceleris
531 902 675 968 laetatur
697 907 794 987 pasta
816 903 1006 988 medullam3

94 992 278 1076 Implentur
301 991 422 1057 Bacchi
445 991 609 1076 sitientes3
635 992 765 1057 tollitur
788 992 884 1058 ardor

95 1083 204 1167 Atque
228 1081 314 1165 sitis,
343 1082 447 1146 nudes
470 1081 579 1165 operit
600 1083 671 1145 tum
695 1082 836 1165 plurima
859 1081 974 1165 vestis3

78 1170 227 1255 ,Excidit
249 1171 416 1255 impietas3
440 1168 596 1255 quidquid
618 1191 721 1253 penus
745 1174 822 1235 ante
843 1170 991 1257 tegebat,

52 1277 77 1326 le
96 1258 219 1325 Usibus
243 1280 339 1324 omne
361 1259 425 1342 piis
450 1258 540 1344 large
564 1258 738 1324 clementia
759 1259 875 1325 fundit.

96 1348 248 1430 Praedia,
271 1350 348 1430 post
371 1368 527 1434 gemmas,
550 1346 626 1412 hinc
650 1348 759 1412 emnia
783 1370 929 1434 quaeque
951 1345 1077 1413 videres

98 1435 262 1503 Sublimes
287 1436 367 1502 caeli
390 1435 540 1502 certatim
564 1435 718 1500 scandere
742 1436 833 1500 sedes

97 1525 345 1608 Thesaurosque
369 1525 431 1589 soli
455 1528 617 1589 mercatos
640 1523 755 1588 sideris
780 1545 880 1589 arces.

99 1613 181 1690 Quid
206 1614 333 1699 magis?
360 1613 394 1678 in
417 1613 514 1677 terris
539 1612 690 1677 caelestis
713 1613 782 1676 vita
803 1611 933 1678 videtur

51 1720 80 1769 15
98 1703 144 1768 Et
167 1724 277 1768 seeum
301 1703 382 1767 caeli
405 1701 544 1766 miratur
566 1705 654 1765 terra
676 1721 821 1785 capaces.

99 1792 178 1868 Quis
201 1793 312 1856 tantos
336 1791 457 1856 referat
479 1789 640 1875 condigna
663 1789 758 1854 leude
780 1787 987 1872 triumphos?

98 1880 186 1956 Quos
211 1881 365 1967 gracilem
391 1881 521 1945 constat
543 1878 670 1943 Musam
695 1900 847 1963 superare
870 1876 1014 1943 Maronis

99 1968 350 2052 Olarisonasque
374 1969 453 2034 odas
475 1967 611 2032 Homeri
633 1988 733 2033 necne
758 1965 911 2032 Cleanthi

100 2057 388 2143 Grandisonesque
411 2057 525 2122 modos
548 2060 738 2122 cunctorum
762 2055 1042 2141 philosophorum.

51 2163 80 2212 1ο
99 2145 193 2212 Unde
217 2146 298 2210 mihi
321 2146 439 2211 misero
462 2145 565 2229 venit,
588 2149 638 2228 ut,
662 2144 784 2210 sterilis
808 2144 946 2210 rationis

100 2233 181 2300 Cum
206 2236 282 2317 sim,
306 2236 417 2299 conari
440 2234 561 2319 videar,
584 2235 670 2319 quod
693 2254 789 2320 posse
811 2238 951 2321 negatur

99 2323 145 2388 Et
169 2324 255 2388 vires
279 2324 405 2388 excedit
428 2323 531 2389 onus?
578 2320 666 2388 Satis
689 2324 840 2409 improba
862 2323 975 2409 lingua

101 2410 193 2487 Quod
216 2413 350 2493 laceret,
373 2413 425 2477 vel
448 2434 532 2497 quae
554 2416 714 2477 exacuant
736 2412 899 2497 carpenda
922 2410 1064 2494 sagittas

100 2499 254 2582 Invidiae,
278 2500 367 2565 hicce
390 2503 512 2585 patent.
551 2499 674 2565 Verum
699 2500 939 2585 quantumlibet
962 2501 1011 2564 ira

50 2605 82 2655 05
101 2589 281 2674 Turgescat
305 2589 471 2673 victorque
496 2586 598 2654 Sinon
619 2584 768 2655 incendia
790 2589 904 2672 iactet,

100 2676 162 2742 His
185 2700 251 2743 nen
274 2677 351 2743 cedo
376 2678 484 2760 minis,
507 2678 616 2759 potius
640 2676 807 2742 confortor
829 2674 870 2741 ad
893 2676 980 2740 alma

100 2765 195 2831 Dona
219 2767 282 2830 mei
306 2767 481 2832 salvatoris
504 2764 667 2830 laudanda
688 2766 866 2849 revolvens,

102 2853 218 2930 Qualia
240 2854 407 2939 fecissent,
432 2855 488 2939 qni
509 2875 576 2919 non
598 2856 734 2938 potuere
757 2856 873 2937 tacere,

100 2942 234 3026 Eloquii
258 2965 394 3027 querum
418 2943 568 3028 splendet
591 2941 730 3008 facunda
751 2946 913 3007 venustas.

50 3047 82 3096 10
101 3031 253 3116 Amplexi
276 3032 331 3115 pia
352 3031 442 3097 facta
465 3031 530 3116 dei,
553 3052 748 3116 quamquam
772 3030 843 3116 ipse
865 3030 1006 3113 vetaret,
1127 3053 1165 3094 cs

1136 3123 1172 3166 cel

175 3229 225 3278 182
247 3224 315 3278 ‘iam
336 3224 432 3278 aescd’
454 3223 509 3278 nisi
530 3222 604 3278 forte
627 3222 657 3276 in
704 3221 846 3277 arenthesi
869 3219 977 3274 dictum
1000 3221 1044 3274 est
1067 3221 1113 3288 [an

104 3295 240 3349 ‘mitescit'
248 3295 274 3366 1]
305 3294 456 3363 ‘aegestas’
519 3299 570 3350 183
591 3293 681 3362 ‘quesi
715 3293 724 3319 '
787 3289 1113 3347 18‘1‘bachisicientes'

103 3369 154 3421 188
170 3365 295 3435 ‘ponet’
349 3371 399 3420 189
416 3364 562 3435 ‘quiequid
579 3364 697 3433 paenus’
746 3368 795 3417 191
813 3360 937 3417 ‘Predia’
986 3366 1037 3416 198
1052 3360 1115 3441 ‘nec

102 3453 137 3491 ne
153 3437 271 3490 cleanli’
330 3442 381 3490 198
397 3436 613 3493 ‘crassescere’
669 3440 722 3489 200
740 3432 884 3489 ‘racionis'
941 3436 994 3487 203
1014 3431 1093 3490 ‘Qud'

104 3506 258 3562 ‘manunt’
282 3506 411 3577 ‘sagitas'
459 3508 559 3563 rot‘si
572 3506 640 3562 aca’
687 3511 740 3561 108
753 3504 874 3575 ‘pocius’
922 3501 1019 3559 weil

102 3576 133 3632 in
150 3576 278 3648 margine
298 3578 372 3633 ‘hec’
394 3579 487 3634 exstat
