2354 3946
107 180 166 246 152
331 175 487 232 VIRGILH
503 175 670 232 MARONIS
687 175 897 232 EPISTOLAE.

105 331 190 396 dicto
216 352 312 395 uersu
340 330 437 395 habet
464 331 606 413 uaeque
634 335 754 414 oyycut
780 332 817 396 ia
843 331 1005 396 moenibus
1031 333 1131 412 festo.

105 415 251 482 ornatius
282 417 369 479 enim
397 417 430 479 et
457 415 615 478 firmatius
642 417 773 496 rentur,
800 415 828 479 si
857 415 1021 498 quandam
1052 437 1132 481 con-

104 498 1131 668 111111111111111111111111

77 669 242 753 asyllaba‚
282 691 377 754 quam
414 668 626 753 semigrauato
664 668 828 732 literarum
859 689 995 733 numero
1028 691 1127 733 unam

105 757 218 818 eontra
240 758 392 838 quattuor
412 753 601 837 ponderare.
639 751 700 817 hac
727 754 767 816 de
789 773 884 817 causa
905 753 940 816 in
962 752 1129 838 plerisque

104 838 215 902 literae
244 838 449 922 duplicantur
476 840 703 916 consonantes,
737 843 773 901 ut
801 837 911 902 cellum
938 859 999 920 pro
1029 840 1130 904 cetum

105 927 137 987 et
151 923 258 988 callim
272 943 331 1005 pro
347 922 442 988 uelim
458 925 491 985 et
503 922 592 1005 ellim
605 942 665 1005 pro
677 922 762 986 olim.
791 921 997 986 inmotantur
1008 927 1126 1000 autem,

104 1014 141 1071 ut
156 1007 309 1088 diximus,
331 1028 390 1089 per
404 1006 627 1070 necessitatem
642 1005 977 1088 consuetudinariam,
1002 1028 1077 1071 oum
1091 1007 1126 1071 in

67 1110 91 1148 ιο
105 1113 165 1154 usu
187 1090 363 1154 habeamus
385 1090 523 1154 scribere
544 1110 656 1171 sperno
672 1095 705 1155 et
718 1110 827 1169 rernm
850 1111 923 1154 oum
937 1091 1025 1174 apud
1041 1098 1127 1156 uete-

104 1196 154 1238 res
170 1173 333 1237 Romanae
349 1173 550 1257 eloquentiae
566 1173 722 1258 doctores„
743 1178 775 1239 ct
789 1196 842 1238 ecs
857 1176 1031 1259 praecipue
1047 1197 1127 1260 quos

104 1257 313 1342 probabilitas
336 1279 466 1322 suarum
488 1257 591 1322 claros
613 1259 698 1341 apud
721 1279 832 1324 omnes
851 1259 996 1324 efficeret
1010 1261 1127 1324 doctri-

103 1364 234 1422 narum,
257 1362 346 1424 spero
369 1345 402 1406 et
423 1363 489 1407 cero
505 1342 585 1425 poni
603 1342 719 1408 debere
741 1364 884 1426 sensere,
907 1343 1129 1423 refutantesr

105 1430 137 1491 et
157 1448 182 1492 a
203 1426 323 1510 absque
350 1427 447 1491 ullius
474 1427 598 1490 uocalis
624 1427 850 1492 interiectione
877 1429 976 1492 scribi
1005 1428 1127 1512 pariter

67 1528 93 1567 1⁵
105 1533 209 1596 posse.
249 1513 304 1576 sed
333 1511 408 1595 quia
435 1532 502 1577 cero
529 1516 562 1576 et
587 1532 676 1594 spero
704 1512 801 1576 alium
827 1511 949 1577 habent
977 1514 1128 1579 effectum

106 1602 196 1675 (nam
216 1617 306 1679 spero
329 1618 367 1660 ex
389 1617 442 1680 spe
463 1617 582 1661 nomen
601 1597 737 1680 accepit,
762 1600 794 1660 et
809 1617 876 1662 cero
892 1596 982 1662 hunc
997 1619 1128 1663 sensum

105 1681 204 1746 habet
231 1703 304 1746 oum
332 1681 403 1765 quis
430 1702 543 1747 acero
565 1680 735 1767 conponit)
762 1681 881 1746 idcirco
902 1703 927 1747 a
948 1684 1128 1747 necessarie

105 1766 215 1831 addita
236 1771 286 1831 est
308 1768 347 1830 ad
370 1767 562 1850 spretionem
586 1770 619 1829 et
641 1765 680 1830 ad
703 1768 822 1830 certam
844 1766 1014 1831 uisionem.

192 1850 399 1916 Inmotantur
427 1851 525 1916 etiam
550 1872 608 1933 per
635 1871 748 1930 sonos,
782 1849 859 1934 quia
880 1851 944 1914 duo
966 1852 1129 1935 quaelibet

67 1950 93 1990 20
107 1937 205 2000 uerba
232 1934 358 2000 hisdem
385 1935 488 2000 literis
522 1939 554 1999 et
583 1934 716 2019 syllabis
743 1935 943 2014 scribuntur,
976 1936 1031 2000 sed
1061 1957 1128 2000 non

108 2020 243 2085 eundem
270 2019 392 2084 habent
420 2021 568 2084 effectum
596 2022 633 2083 ut
659 2020 723 2102 layo
745 2019 827 2102 leym
855 2040 937 2102 quae
959 2020 1024 2084 nisi
1047 2041 1127 2085 sono

107 2104 244 2167 discreta
276 2104 412 2184 fuerint,
452 2104 689 2167 confusibiliter
722 2102 917 2189 diligentur,
954 2108 1129 2188 propterea

107 2189 170 2268 leyc
193 2209 232 2250 ex
254 2186 392 2251 lectione
414 2188 448 2249 in
472 2189 575 2269 prima
598 2187 723 2270 syllaba
738 2191 877 2256 acuetur.
915 2208 993 2252 nam
1009 2189 1075 2272 lopo
1090 2211 1128 2254 ex

106 2271 266 2354 legatione
289 2272 323 2333 in
346 2270 455 2334 cadem
475 2270 598 2354 syllaba
612 2271 811 2355 corripietur.
845 2276 1015 2337 motantur
1029 2274 1128 2338 etiam

68 2371 92 2409 ²⁵
106 2376 163 2438 per
191 2376 303 2418 sensus
329 2375 389 2418 nec
417 2376 498 2419 sono
527 2376 587 2419 nee
614 2354 737 2438 syllaba
765 2377 824 2420 nec
852 2357 947 2421 litera
974 2357 1128 2424 distantia

106 2442 142 2502 ut
164 2440 252 2504 credo
274 2439 373 2504 credo
410 2461 486 2503 nam
508 2441 597 2504 credo
620 2441 657 2504 de
680 2439 868 2505 credulitate
883 2441 1017 2524 dicitur,
1040 2443 1127 2526 quod

106 2523 255 2588 omnibus
278 2523 399 2587 clarum
421 2525 517 2607 atque
539 2524 745 2607 propatulum
765 2528 824 2589 est.
859 2528 908 2590 est
923 2527 1023 2591 ctiam
1037 2528 1127 2593 credo

105 2607 348 2687 iurisiurandi,
376 2608 467 2672 cuius
496 2608 642 2692 exempla
665 2609 755 2694 (quia
777 2609 907 2673 fortasis
930 2611 1004 2676 aliis
1026 2611 1127 2676 inusi-

106 2695 209 2756 tatum
245 2690 307 2778 est)
343 2692 551 2775 proferemus.
600 2692 799 2776 Virgilius
831 2694 987 2760 Troianae
1021 2695 1127 2760 scolae

69 2794 94 2834 ³0
108 2777 222 2842 doctor
249 2779 362 2841 contra
384 2776 548 2842 Romanos
576 2778 719 2842 scribens
742 2799 860 2862 eosque
881 2778 1036 2844 falsitatis
1059 2801 1127 2845 esse

108 2882 262 2947 arguens,
285 2862 332 2925 ita
353 2862 474 2926 infiuit:
499 2883 516 2928 o
538 2863 695 2942 Romani,
719 2883 776 2928 cur
796 2868 920 2929 cestrae
941 2865 1128 2931 inmemores

177 3063 338 3118 lmenibus
356 3061 388 3116 N
403 3064 413 3132 11
431 3068 447 3117 5
464 3079 579 3118 nomero
597 3063 633 3117 N
645 3066 655 3132 l
671 3069 687 3118 6
706 3080 739 3119 ac
756 3064 791 3119 N
802 3065 812 3134 11
830 3071 844 3118 'l
863 3064 990 3120 litterate
1007 3065 1043 3121 N
1057 3080 1126 3123 corr.

106 3131 171 3186 Mai
187 3132 197 3200 11
214 3130 336 3185 caelium
358 3130 410 3199 Nl
435 3137 466 3184 12
489 3131 581 3186 clarus
601 3132 636 3186 N
677 3132 803 3187 efficeret
824 3132 884 3196 N¹‚
913 3135 958 3187 -at
978 3136 1128 3202 camilla

107 3215 221 3252 censere
240 3197 301 3268 1111
324 3203 355 3253 16
374 3215 408 3252 ex
441 3198 519 3253 etN
534 3214 603 3254 corr.
649 3200 680 3254 ai
701 3201 710 3268 11
733 3208 764 3256 17
783 3200 901 3256 abetN
918 3201 928 3270 1
950 3207 982 3256 18
1007 3201 1128 3255 ‘tionem

105 3265 150 3330 N,
174 3267 347 3334 spretionem
363 3266 427 3321 Mai
467 3266 517 3335 qui
534 3266 601 3320 add.
620 3267 835 3338 significandam
883 3275 914 3322 19
952 3218 1036 3323 cell
1058 3282 1128 3326 corr.

105 3332 171 3410 mar
192 3335 202 3402 1
225 3341 257 3387 20
283 3335 322 3413 a]
347 3336 380 3387 ut
405 3306 449 3400 ni,
476 3349 508 3387 ac
534 3334 632 3412 Maay
655 3342 687 3389 22
714 3337 808 3391 fierint
883 3337 893 3402 1
915 3335 1069 3414 asgenter
1089 3334 1128 3399 N,

106 3399 237 3520 ἕξεων
243 3402 319 3522 111111
332 3402 342 3469 11
354 3407 387 3455 23
404 3418 473 3454 num
491 3401 526 3456 N
534 3401 544 3469 11
557 3407 589 3458 28
607 3404 675 3457 1uris
692 3402 810 3457 iurando
829 3400 863 3454 N
872 3402 882 3468 11
895 3409 926 3456 31
946 3402 1107 3458 rmfiuntN
1113 3402 1128 3473 11

149 3483 227 3521 mam
276 3513 282 3528 .
