2354 3946
382 85 429 140 Ill.
457 85 546 140 VITA
565 87 592 142 S.
612 85 759 141 ERASMI.
1033 87 1075 152 29

62 245 200 312 Credere
224 269 290 312 non
314 247 426 312 dubito
450 270 576 315 necnon
599 270 672 314 mea
695 251 768 314 tota
791 248 990 333 domusque?

62 335 151 399 ‘Non
175 334 256 421 ego,'
281 340 413 401 sanctus
437 337 494 419 ait,
517 336 662 422 ‘possum
686 335 810 402 Christi
834 338 902 402 sine
926 339 1025 422 iussu,

61 424 220 489 Perficere
244 425 410 490 dominum
433 425 519 491 facio
543 425 609 509 sed,
632 426 782 511 quodque
805 425 950 512 rogabo?

10 531 42 582 oo
62 513 227 597 Praecipit
250 535 328 599 ergo
353 514 405 578 dei
427 514 569 579 famulus
593 514 754 600 deponere
777 536 894 598 corpus

62 602 107 666 Et
130 602 236 667 solum
259 606 387 686 patrem
410 625 483 668 cum
506 607 610 668 matre
633 603 681 668 ibi
704 607 792 668 stare
814 603 957 668 iubebat.
1094 627 1110 667 r.
1123 618 1163 667 44²

63 690 225 756 Conflexis
250 691 386 775 genibus
410 695 552 776 temptat
575 695 646 757 tum
669 696 804 777 tangere
827 693 938 776 funus3

61 779 132 844 Iam
156 780 311 844 membris
335 780 432 844 tactis
456 781 538 845 dixit
561 778 757 866 Christoque
778 784 927 865 precato:

63 866 188 953 ‘Surge
210 890 300 952 puer,
324 873 422 952 atque
445 869 550 953 incipe
573 873 611 933 tu
632 869 700 934 iam
722 869 830 935 vivere
855 869 975 934 sanus.'

11 975 44 1023 70
63 955 135 1021 Hoc
159 977 293 1040 surgens
318 956 404 1022 dioto
427 979 548 1042 magna
571 980 644 1023 cum
667 980 745 1024 voce
768 958 910 1022 locutus:

64 1045 103 1109 ‘0
127 1050 228 1129 pater,
252 1068 271 1110 o
296 1046 452 1131 genetrix,
476 1046 589 1131 populi
612 1068 631 1111 o
655 1067 723 1131 vos,
747 1046 868 1112 credite
891 1048 1013 1131 cuncti,

62 1133 224 1197 Maximus
248 1155 326 1220 ergo
350 1134 429 1199 deus
453 1139 640 1200 sanctorum
663 1139 714 1201 est
737 1133 1015 1202 Christicolarum.

62 1221 203 1287 Nostros
226 1244 343 1308 nempe
367 1223 443 1289 deos
466 1224 621 1309 conspexi
642 1223 678 1288 in
700 1223 841 1289 Tartara
864 1243 988 1289 mersos

62 1308 235 1375 Immensis
259 1316 422 1377 tormenta
444 1313 514 1395 pati
537 1335 611 1378 oum
634 1312 790 1378 daemone
813 1314 936 1398 poenis.

11 1417 44 1465 75
64 1398 218 1463 Tortores
242 1400 385 1485 requiem
407 1421 473 1465 non
497 1401 576 1465 dant
597 1400 650 1465 his
672 1404 768 1466 nocte
792 1400 921 1486 dieque3

63 1486 213 1571 Namque
237 1489 314 1553 deus
339 1489 443 1553 sancti
467 1489 579 1553 vivens
602 1492 653 1553 est
675 1510 803 1574 semper
824 1489 964 1555 Erasmi.

64 1574 133 1641 Vos
157 1598 320 1662 magnum,
343 1600 411 1661 vos,
434 1599 502 1662 vos,
525 1599 669 1642 errorem
691 1577 829 1662 linquite
852 1576 1019 1642 vestrum!

65 1663 176 1730 Credit
198 1665 403 1748 Anastasius,
426 1687 501 1730 mox
525 1669 597 1731 tota
620 1665 734 1730 domus
757 1666 970 1750 populusque.

64 1752 135 1817 Hos
160 1755 269 1838 signat
291 1755 422 1839 praesul
446 1757 561 1820 sancto
585 1777 658 1819 cum
681 1754 812 1818 nomine
835 1754 922 1819 trino
1097 1777 1114 1819 r.
1127 1769 1169 1817 aa*

12 1857 46 1909 80
65 1841 175 1926 Atque
199 1847 313 1926 quater
337 1842 418 1907 dena
442 1865 505 1926 quo
529 1847 678 1928 ternpore
700 1842 793 1907 milia
816 1842 907 1928 vulgi

65 1929 226 2014 Imposito
250 1931 353 1996 crucis
377 1931 472 2017 signo
496 1932 696 2016 baptismate
719 1931 802 1995 lavit

65 2018 114 2082 Ac
138 2019 270 2083 domino
295 2025 404 2105 grates
427 2020 546 2105 reddit,
571 2020 627 2105 qui
649 2023 768 2106 regnat
791 2020 827 2083 in
850 2019 928 2101 alte,

66 2104 160 2181 Quod
183 2108 288 2171 voluit
310 2108 440 2192 populis
463 2112 647 2175 monstrare
670 2109 758 2192 viam
781 2107 949 2191 bonitatis,

67 2195 220 2279 Tuncque
243 2218 355 2280 preces
375 2196 542 2263 domiuum
566 2198 675 2264 dicens
699 2197 857 2262 fundebat
880 2198 921 2262 ad
944 2198 1081 2264 almum:

13 2301 47 2349 85
67 2282 106 2346 ‘0
132 2284 269 2368 domine,
293 2284 427 2370 dignare
450 2290 543 2352 tuam
565 2286 753 2353 benedicere
776 2286 915 2370 plebem,

68 2369 172 2445 Quam
194 2373 362 2457 propriam
385 2377 596 2459 sanctamque
619 2375 682 2440 tibi
704 2375 772 2439 iam
794 2376 861 2439 iam
884 2373 1048 2442 faciebas?

67 2458 154 2522 Exin
176 2483 239 2525 vox
263 2460 385 2527 Christi
409 2463 517 2548 coepit
541 2464 734 2529 descendere
758 2464 877 2528 summi

66 2547 272 2633 Adfaturque
295 2551 400 2615 virum
424 2552 574 2624 dominus
597 2549 781 2616 blandendo
805 2551 952 2615 beatum:

67 2634 178 2700 ‘Serve
202 2637 296 2721 bone,
319 2639 354 2703 in
377 2641 473 2704 terris
498 2662 557 2723 pro
580 2661 633 2703 me
656 2643 780 2703 certare
804 2639 947 2723 laboras,

14 2742 48 2790 90
66 2724 201 2808 Idcirco,
225 2727 435 2811 quodcunque
458 2729 553 2813 petis,
577 2729 690 2793 statim
713 2725 890 2792 retinebis?

138 2959 190 3007 262
211 2954 275 3008 ‘neo
293 2953 360 3008 non’
422 2959 474 3008 266
495 2952 637 3023 ‘precipit’
698 2957 750 3008 268
771 2953 812 3006 ‘o‘a'
832 2952 930 3006 littera
947 2952 960 3005 Ι
978 2951 1084 3008 excidit

69 3023 215 3078 ‘menbris’
277 3030 329 3078 270
347 3024 530 3094 transpositio
550 3025 615 3082 ‘hoo
633 3023 709 3078 dioto
727 3023 857 3091 surgens'
878 3024 952 3077 notis
970 3025 1083 3092 quibus·

68 3094 133 3148 dam
157 3094 284 3150 iudicata
302 3094 414 3149 videtur
477 3101 528 3151 271
549 3095 559 3124 ‘
581 3093 694 3150 enitrix'
760 3098 812 3148 272
832 3093 965 3150 ‘morae'
986 3095 1084 3150 littera

67 3165 97 3217 Μ
115 3165 223 3220 excidit
292 3172 344 3221 273
364 3167 437 3221 ‘W'
453 3167 549 3222 littera
612 3164 718 3219 excidit
737 3164 887 3220 ‘tumbata'
956 3170 1010 3220 274
1030 3165 1083 3220 ‘in-

67 3236 182 3291 mensis’
210 3235 339 3292 ‘demone
362 3237 454 3306 penis'
529 3241 580 3292 270
602 3235 727 3361 ‘Pergo’
748 3235 859 3305 syllaba
877 3251 909 3290 ro
927 3250 945 3289 a
963 3237 1084 3292 secunda

69 3325 154 3361 manu
234 3313 286 3362 270
307 3309 424 3378 ‘amque'
446 3307 543 3363 littera
560 3307 587 3361 N
606 3307 667 3363 cxci
689 3307 711 3361 't
782 3311 835 3362 270
856 3306 930 3361 ‘tota
953 3307 1026 3363 mua’
1047 3308 1083 3365 do

69 3394 204 3447 superscr.
269 3384 321 3434 281
342 3377 486 3448 ‘inposito’
552 3383 605 3434 284
625 3379 762 3451 ‘praeces'
823 3382 876 3435 288
893 3376 1081 3450 ‘Affatnrque’

68 3454 122 3502 290
142 3449 256 3503 ‘iccirco
275 3450 481 3519 quodcumque'
